3300 5600
277 2295 403 2384 Ἀκοὸν,
430 2300 490 2369 τοῦ
520 2301 557 2367 δὲ
586 2293 818 2390 Ἀρωτομὶδαν
843 2304 921 2391 (leg.
950 2291 1252 2389 Ἀριστοδαμίδαν),
1281 2301 1341 2367 τοῦ
1366 2299 1402 2367 δὲ

278 2416 440 2515 Ropousa,
464 2424 524 2491 τοῦ
543 2424 580 2490 δὲ
599 2419 732 2505 Kotais,
752 2425 812 2492 τοῦ
832 2423 869 2492 δὲ
887 2423 1067 2514 Τυρίμμαν,
1089 2423 1148 2489 τοῦ
1159 2400 1196 2489 δὲ
1204 2420 1400 2510 Περδίκκαν,

232 2624 235 2629 ,
277 2553 338 2621 τοῦ
358 2550 396 2619 δὲ
418 2549 600 2632 Φίλιππον,
620 2550 681 2617 τοῦ
702 2550 739 2649 δὲ
760 2543 769 2567 '
803 2549 938 2641 έροπον,
959 2551 1019 2618 τοῦ
1039 2548 1077 2618 δὲ
1097 2542 1266 2627 ’Λλαέιαη
1286 2548 1347 2614 τοῦ
1366 2545 1402 2614 δὲ

276 2673 450 2765 Ἀμύνταν,
470 2677 530 2760 τοῦ
549 2667 733 2766 δὲΒόκρον,
753 2679 812 2744 τοῦ
822 2678 860 2745 δὲ
869 2676 1076 2768 Μελέαγρον,
1096 2678 1156 2744 τοῦ
1170 2674 1207 2744 δὲ
1215 2665 1400 2765 Ἀρσινόην,

275 2803 334 2892 τῆς
353 2801 390 2869 δὲ
407 2801 462 2869 καὶ
479 2790 595 2888 Λάγου
614 2799 818 2883 Πτολεμαῖον
837 2793 893 2867 aba
912 2798 967 2867 noi
986 2802 1131 2889 Σωτῆρα.
1164 2797 1276 2869 Plura
1293 2808 1336 2869 ut
1359 2819 1401 2866 ex

275 2921 343 2994 hoo
369 2903 485 3019 satyri
507 2924 586 2993 looo
611 2919 805 2991 describam
826 2943 923 2991 nuno
943 2945 1018 2993 non
1039 2945 1128 3015 opus
1140 2932 1202 2993 est.
1230 2922 1400 2994 Hoevero

277 3048 535 3119 animadvertas
551 3046 677 3127 velim,
704 3045 904 3117 felicissimo
921 3069 978 3116 me
996 3047 1204 3139 conjecisse,
1232 3069 1345 3140 quum
1363 3047 1401 3115 in

275 3174 389 3243 verbis
414 3172 545 3267 Satyri,
572 3194 644 3265 quo
668 3170 774 3240 modo
798 3170 894 3263 apud
913 3168 1107 3241 Eudooiam
1124 3173 1311 3267 leguntur,
1331 3171 1400 3239 ali·

276 3319 365 3391 quos
376 3298 521 3366 omissos
534 3296 728 3388 suspicarer
741 3294 958 3390 Tyrimmam
967 3296 1059 3365 inter
1068 3307 1103 3366 et
1114 3292 1279 3366 Alcetam
1292 3304 1400 3388 atque

275 3418 482 3515 Amyntam.
510 3418 592 3489 Jam
618 3421 714 3489 enim
736 3415 964 3503 Perdiccae,
990 3416 1173 3513 Phihppi
1195 3431 1231 3489 et
1257 3415 1401 3512 Airopi

274 3546 420 3615 nomina
445 3567 487 3614 ex
513 3542 691 3614 Eudooiae
714 3544 812 3625 loeo,
841 3545 943 3636 eujus
967 3546 1152 3615 immemor
1175 3545 1243 3614 fuit
1266 3544 1397 3614 Meine-

273 3667 375 3751 hius,
402 3668 570 3739 excidisse
596 3690 734 3750 cernes,
761 3668 971 3763 collatisque
991 3667 1151 3763 Dexippo
1170 3678 1205 3740 et
1222 3666 1396 3758 Eusebio,

274 3796 382 3865 etiam
404 3792 500 3886 apud
525 3790 764 3886 Theophilum
787 3815 918 3863 nomen
939 3789 1083 3889 Argaei
1094 3805 1176 3864 ante
1188 3790 1398 3885 Philippum

274 3917 392 3988 deesse
419 3940 492 3988 non
519 3916 708 3987 dubitabis.
740 3915 791 3988 cf.
824 3915 981 3988 Clinton.
1004 3942 1037 4011 p.
1063 3913 1146 3992 237.
1172 3917 1266 3986 Hiuo
1287 3918 1397 4011 igitur

273 4042 466 4135 proiectus,
494 4044 629 4136 generis
656 4044 974 4136 propinquitatem,
996 4066 1105 4136 quam
1129 4044 1221 4111 inter
1238 4039 1399 4110 Alouan-

273 4163 378 4234 drum
395 4176 431 4236 et
452 4166 697 4236 Ptolemaeum
715 4168 948 4238 intercessisse
962 4167 1097 4250 ierunt,
1125 4169 1175 4237 ita
1188 4167 1394 4246 constitues,

273 4464 346 4513 kint:
367 4467 446 4515 sCod.
465 4468 483 4515 B
500 4459 636 4519 Κεῖστον.
653 4466 819 4517 scribendum
836 4455 969 4535 Κίσσον,
987 4484 1063 4533 quem
1082 4484 1142 4517 vero
1159 4468 1262 4533 propius
1271 4455 1397 4520 Κίσσιον

272 4561 347 4606 vocat
372 4558 495 4608 Eusebius
517 4575 547 4609 ex
564 4560 672 4610 biodoro
690 4566 717 4610 et
733 4562 904 4628 Theopompo.
923 4564 973 4614 Cir.
991 4562 1086 4612 bobrsii
1103 4560 1240 4613 Aristeroh.
1264 4580 1288 4629 p.
1307 4560 1393 4611 302.»
