3300 5600
779 623 840 683 153
889 639 891 643 “

269 815 325 856 οισι
337 795 366 856 in
382 794 475 857 illum
492 793 627 857 llusium
638 804 693 857 aut
705 805 793 858 certe
805 796 838 857 in
849 795 954 859 lacum
965 794 993 857 ei
1004 794 1180 878 proximum
1191 793 1370 859 Phaethon·

268 909 318 962 tem
335 899 496 985 delapsum
515 920 582 964 esso
604 881 733 964 naitant
750 921 870 967 omnes.
893 898 1009 966 Chares
1027 899 1192 965 tantumiu
1204 899 1370 985 Aethiopia

266 1003 539 1071 Hammoniacum
558 1007 672 1071 obiisse
691 1017 846 1086 testatum
866 1028 931 1094 quo
952 1017 1057 1070 tamen
1075 1007 1201 1071 nomine
1222 1028 1284 1070 non
1302 1027 1371 1070 me·

265 1109 366 1176 ninia
394 1133 557 1199 quoquam
581 1111 782 1197 Aethiopiam
805 1113 979 1200 appellari,
1009 1132 1069 1176 nee
1098 1134 1190 1199 posse
1218 1113 1370 1199 appellari

258 1216 337 1298 puto.
358 1218 410 1282 Nil
428 1219 544 1282 misum
566 1217 661 1298 adeo,
691 1217 717 1281 si
736 1219 770 1281 in
786 1219 928 1282 alienum
945 1217 1052 1283 locum
1072 1240 1109 1282 ea
1129 1240 1187 1284 vox
1203 1220 1368 1306 migravit.

263 1334 321 1403 post
339 1324 514 1389 oraculum
533 1322 739 1409 reponenda:
759 1346 832 1389 nam
849 1336 976 1411 praeter
994 1324 1279 1419 celebratissimum
1290 1325 1370 1391 illud

262 1425 406 1494 Ammonis
432 1431 598 1495 oraculum
623 1431 656 1493 iu
683 1430 798 1517 Libya,
828 1430 964 1496 alterum
984 1429 1124 1515 ejusdem
1145 1431 1205 1494 Dei
1226 1432 1322 1496 luisse
1337 1433 1371 1496 in

262 1532 437 1622 Aethiopum
452 1536 620 1622 metropoli
635 1537 757 1617 Meroe,
773 1538 824 1601 vel
844 1559 881 1602 ex
890 1537 1051 1603 Herodoto
1065 1536 1120 1626 (ll.
1135 1538 1178 1601 29
1187 1585 1200 1617 s
1214 1537 1288 1604 coll.
1299 1536 1368 1626 42.)

261 1639 351 1722 palam
368 1653 433 1723 σοι,
456 1644 572 1730 quibus
593 1645 720 1708 tertium
743 1645 777 1708 in
798 1643 946 1711 Numidia
970 1643 1058 1710 addit
1075 1644 1191 1730 virgil.
1212 1640 1296 1710 Αικ.
1312 1645 1369 1713 lv.
1391 1731 1393 1734 y
1478 1664 1482 1671 '

262 1746 315 1810 198
329 1770 415 1836 sqq.,
436 1749 493 1813 ubi
512 1750 552 1815 cf.
571 1749 708 1815 Servius.
727 1751 805 1816 Cum
817 1750 1049 1816 Phaethonteae
1068 1749 1195 1826 fabulae
1213 1749 1371 1836 interpre-

260 1853 383 1936 tatione,
402 1857 530 1943 qualem
548 1856 675 1922 Chareti
692 1857 851 1941 placuisse
861 1859 983 1922 Plinius
994 1857 1189 1944 perobscura
1198 1855 1368 1934 indicavit,

259 1954 447 2046 aliquatenus
475 1963 607 2026 sortasse
634 1960 822 2044 cohaerent,
851 1984 935 2050 quae
965 1962 1005 2027 de
1029 1962 1240 2047 Aethiopibus
1264 1962 1371 2027 Solem

259 2069 349 2132 exosis
369 2067 502 2134 adduxit
519 2069 634 2134 Strabo
653 2070 746 2138 XVII
767 2093 799 2155 p.
824 2072 909 2134 1178
929 2070 967 2138 A.
992 2072 1066 2135 Esse
1086 2057 1244 2141 enimoiic
1263 2064 1372 2152 γεκαὶ

257 2157 306 2233 τίν
327 2165 416 2261 ἥλιον
441 2171 542 2261 φασίν
569 2171 736 2262 ἐχθαίρειν
760 2172 814 2240 καί
838 2174 942 2249 κακῶς
964 2173 1082 2260 λέγειν,
1103 2163 1234 2238 ἐπειδᾶν
1254 2167 1371 2258 προσί-

257 2265 344 2340 duos
370 2268 554 2359 ἀνίσχοντα,
582 2269 629 2352 οἷς
655 2276 786 2344 καίονια
811 2276 865 2344 καί
893 2275 1097 2362 πολεμοῦντα
1124 2271 1249 2354 αὐτοῖς,
1275 2295 1369 2337 suau-
1420 2314 1425 2337 .

257 2365 377 2463 φεύγειν
395 2400 433 2443 σε
455 2376 503 2454 εἷς
523 2373 565 2444 soi
585 2377 650 2467 ἕλη.
1030 2382 1035 2390 “
1199 2395 1202 2402 ’

779 2557 836 2624 vt.

291 2737 405 2807 Athen.
427 2738 490 2803 XII
512 2761 546 2826 p.
571 2743 636 2805 513
658 2741 693 2807 F.
725 2738 894 2828 Κληθῆναι
915 2735 956 2805 σοὶ
977 2731 1087 2807 Σοῦσά
1108 2759 1207 2830 φησιν
1227 2711 1371 2832 Ἀριστό-

253 2838 364 2917 βουλος
390 2840 444 2906 καλ
468 2833 604 2932 Χάρης
632 2836 687 2909 daei
706 2836 763 2931 τήν
784 2832 968 2931 ὡραιότητα
995 2844 1056 2909 τοῦ
1076 2834 1205 2911 τύπου·
1227 2846 1371 2912 σοῦσον

252 2937 306 3034 yolo
329 2938 408 3011 εἶναι
428 2946 470 3034 σῇ
490 2938 637 3037 Ἑλλήνων
658 2937 751 3036 φαίνῃ
773 2938 812 3035 τό
833 2944 948 3033 κρίνον.

289 3051 456 3117 Simillima
479 3063 552 3116 sunt
574 3074 656 3139 quae
675 3052 715 3117 de
732 3052 819 3116 Susis
839 3051 1054 3138 habetSteph.
1070 3054 1146 3141 Byz.
1157 3075 1181 3119 s.
1196 3074 1225 3120 v.
1238 3076 1271 3140 p.
1286 3054 1368 3133 258,

248 3158 307 3237 34,
339 3179 375 3221 ex
399 3178 464 3244 quo
488 3181 543 3222 sua
562 3157 666 3224 hausit
683 3158 722 3223 de
738 3179 825 3221 more
844 3149 1026 3222 Eustatbius
1042 3157 1081 3223 ad
1096 3159 1223 3246 Dionys.
1243 3158 1369 3245 Perieg.

249 3268 333 3331 1073
356 3284 388 3348 p.
417 3265 513 3329 280:
540 3259 714 3352 Κὲκλησαι,
742 3264 786 3329 ait
815 3253 883 3329 aiud
903 3261 968 3329 sais
989 3258 1143 3349 κρίνων,
1166 3257 1188 3328 h*
1212 3255 1318 3329 πολλοὶ
1339 3263 1371 3329 ἒν

244 3367 284 3456 σῇ
308 3358 402 3455 χώρα
427 3357 570 3457 πεφύκει
596 3364 712 3455 ἐκείνῃ,
740 3357 890 3434 σοῦσοίν
910 3388 947 3431 σε
969 3358 1049 3433 adad
1069 3365 1217 3465 καλοῦσιν
1238 3363 1270 3432 οἱ
1287 3356 1371 3454 βύρ-

243 3475 352 3560 βαροι.
375 3474 535 3539 Postrema
546 3474 716 3538 Salmasius
733 3475 797 3559 legi
808 3472 909 3537 voluit
923 3493 930 3536 :
944 3459 1223 3536 σοῦσονδὲαύσὸ
1238 3494 1266 3534 κ.
1282 3492 1310 3535 ο.
1326 3474 1370 3551 β,

243 3600 338 3643 sensu
368 3575 454 3644 haud
482 3581 583 3647 multo
610 3582 742 3645 meliore
765 3600 774 3645 ι
799 3569 880 3643 adad
905 3578 989 3643 enim
1008 3598 1073 3663 quo
1093 3575 1234 3640 referas?
1253 3574 1370 3639 Eadem

243 3687 289 3749 sic
313 3686 418 3771 potius
446 3688 597 3753 mutanda
622 3699 720 3774 puto,
751 3697 787 3751 ut
807 3686 983 3751 scribamus
1003 3706 1011 3748 ς
1031 3669 1151 3746 ostio-ai
1171 3701 1208 3743 τε
1228 3669 1322 3744 alsat
1342 3701 1370 3740 κ.

243 3812 271 3855 ο.
296 3790 330 3869 β.
358 3790 489 3855 Σοῦσα
514 3784 575 3879 peip
602 3789 766 3879 ἐγχωρίως
795 3790 829 3879 (l.
852 3786 1030 3877 ἐγχωρίοις)
1050 3777 1099 3883 Ισοί
1119 3780 1225 3872 κρίνα,
1248 3795 1286 3847 ut
1304 3784 1371 3869 ipse

243 3895 350 3981 pergit
367 3895 563 3963 Eustathius.
582 3898 640 3964 Cli.
656 3899 751 3964 Auct.
772 3898 924 3985 Etpmol.
941 3898 991 3963 M.
1008 3918 1040 3982 p.
1054 3895 1131 3970 722,
1150 3893 1211 3970 243
1227 3891 1369 3954 Dioscor.

243 4003 270 4066 l.
298 4004 352 4067 52.
384 4000 464 4065 Inde
489 3990 636 4067 σούσινον
656 4004 779 4069 dictum
809 3997 849 4067 sd
878 3998 912 4067 ἐκ
933 3999 1042 4089 κρίνου
1062 3997 1174 4085 μῦρον.
1205 3995 1307 4075 Vidc,
1330 4018 1370 4059 ne

243 4107 321 4172 alios
348 4108 527 4188 nominem,
556 4108 711 4195 Etymol.
740 4109 791 4177 M.
815 4110 839 4177 l.
859 4110 881 4177 l.
903 4118 935 4172 et
956 4103 1164 4189 Theophrast.
1185 4124 1237 4188 ap.
1254 4101 1369 4169 Athen.

243 4215 303 4281 XV
322 4237 354 4299 p.
372 4216 439 4279 689
458 4211 494 4279 Ι).
516 4215 555 4278 In
571 4216 750 4302 fragmento
768 4215 909 4284 Charetis
924 4209 1245 4297 Schweighaeuserus
1260 4209 1370 4295 vulga·

243 4334 307 4386 tam
327 4320 496 4384 lectionem
515 4317 557 4410 τῇ
575 4310 751 4409 Ἑλλήνων
766 4346 804 4410 φ.
827 4314 866 4387 σύ
880 4343 931 4408 κρ.
948 4320 1022 4405 jure
1043 4318 1208 4383 retinuisse
1227 4315 1369 4393 videtur,

243 4427 445 4491 sollicitatam
467 4450 486 4490 a
501 4426 704 4506 casaubono,
723 4428 779 4514 qui
796 4423 838 4511 τῇ
848 4418 1041 4511 Ἑλληνικῇ
1056 4444 1092 4508 φ.
1105 4422 1154 4485 vel
1168 4418 1209 4506 σῇ
1219 4416 1373 4485 ἐκείνων

243 4555 297 4620 pt,
321 4544 386 4597 eta
409 4533 526 4613 Corae,
546 4534 603 4621 qui
624 4528 665 4617 τῇ
694 4521 838 4619 Μήδων
860 4552 899 4615 φ.
926 4525 1370 4618 σσ1,ῑιαοιρσεὶῐοιιῑὶοσλο,

243 4660 280 4700 το
302 4636 343 4721 τῇ
362 4626 519 4723 Ἑλλήνιον
540 4636 636 4726 φωνῇ
656 4631 763 4723 κρίνον
779 4635 928 4703 malebat.
952 4638 1000 4701 llo
1018 4657 1053 4699 re
1071 4637 1138 4721 ipsa
1157 4631 1207 4700 adi
1224 4633 1372 4697 Hamme-
