3300 5600
859 336 902 399 88

356 508 437 577 Falli
450 507 673 578 Aristobnlum
692 508 797 596 palrm
818 520 866 575 est
883 530 921 576 er
938 509 1038 595 ipsius
1056 507 1234 575 Ptolemaei
1255 507 1465 585 testimonio,

312 614 388 687 viu.
409 616 538 703 Pragm.
553 615 617 681 111
631 637 664 701 p.
684 617 727 682 34
740 636 789 702 sq.
813 615 880 682 Nec
890 612 1211 702 praetermittendum
1227 625 1352 693 tamen,
1371 635 1461 687 cum

310 722 513 801 Aristobulo,
532 720 573 786 de
584 720 675 805 cujus
693 722 876 788 narratione
895 722 939 790 ci.
957 721 1113 807 Droysen.
1133 720 1159 789 l.
1177 721 1201 787 l.
1219 743 1254 808 p.
1267 722 1352 800 800,
1369 719 1457 790 alios

311 849 351 895 ex
368 828 539 895 comitibus
554 825 727 893 Alexandri
745 825 833 892 idem
850 827 932 893 illud
953 829 1126 893 memoriae
1142 825 1333 915 prodidisse.
1355 827 1451 895 Certe

311 950 364 1022 ap.
384 933 478 1001 Diod.
504 935 608 1003 xvh.
633 936 696 1014 88,
725 935 782 1020 qni
803 934 1053 1000 Aristobulum'
1043 955 1078 998 rn
1102 934 1244 1000 lontibus
1267 953 1446 1000 numerasse

312 1063 376 1106 non
400 1041 542 1121 ridetur,
574 1042 621 1107 sic
649 1041 807 1126 scriptum
838 1042 1001 1127 reperio·
1031 1041 1112 1114 Ταῖς
1132 1026 1409 1126 δοθησομέναςι
1390 1027 1443 1102 τοτ’

310 1136 528 1234 Ἀλεξάνδρου
549 1142 689 1232 δωρεαῖς
710 1141 1009 1234 προκληθέντες
976 1167 1010 1212 οι
1029 1141 1177 1262 pdyrovop
1198 1141 1266 1208 τοῖν
1290 1128 1437 1259 2}me

311 1237 567 1337 συνεφρόνησαν,
580 1245 635 1312 καλ
650 1235 919 1329 συλλαβόντες
880 1271 937 1315 τον
950 1247 1080 1336 Βῆσσον
1101 1233 1268 1334 ἀπήγαγον
1288 1235 1373 1332 πρὸς
1388 1262 1435 1307 τον

310 1341 536 1439 ’.Αλέξανδρον
566 1350 663 1438 Apud
687 1352 834 1420 Curtium
861 1353 1063 1423 v11.o.so
1090 1352 1289 1439 Spitamenes
1319 1345 1430 1414 adducit

309 1458 460 1538 bessum,
485 1469 595 1525 tenens
616 1460 701 1525 collo
721 1462 841 1526 imerta
860 1473 991 1542 catena,
1013 1458 1101 1533 unde
1119 1460 1304 1546 Droysenns
1324 1478 1357 1543 p.
1377 1451 1427 1518 808

310 1564 373 1631 hoo
390 1564 485 1629 illum
502 1585 540 1629 ex
560 1565 738 1633 Aristobuli
755 1568 991 1634 commentariis
1003 1568 1131 1654 petiisse
1142 1564 1255 1646 efficit;
1273 1561 1329 1629 sed
1343 1576 1427 1647 neque

310 1669 352 1736 de
369 1670 479 1737 Curtio
494 1672 590 1737 certis
609 1673 746 1743 indiciis.
757 1686 899 1755 constat,
913 1674 1008 1762 ‚qnod
1023 1672 1064 1739 de
1082 1671 1224 1740 Diodoro
1238 1667 1333 1735 modo
1350 1687 1425 1752 nega·

310 1777 395 1845 bam.
427 1777 607 1847 Sublestnm
627 1780 706 1846 lulii
730 1781 852 1851 Valerii
873 1780 971 1847 fidem
995 1780 1058 1846 hoc
1078 1798 1189 1847 rursus
1217 1776 1338 1843 affatim
1359 1792 1424 1839 con·

282 1936 286 1977 :
311 1883 443 1970 probat,
470 1884 559 1972 qnod
578 1885 628 1950 illi
645 1886 779 1975 lingitur
795 1888 909 1953 Bessus
929 1909 963 1953 se
974 1887 1105 1953 obvium
1121 1886 1234 1951 tulisse
1250 1878 1422 1954 Alexandro.
1474 1900 1476 1940 Ι

310 2002 343 2055 et
360 1991 520 2079 professus
533 1991 657 2058 facinus
678 1995 881 2080 sponsionem
899 1993 1034 2080 praemii
1044 1993 1219 2078 repetiisse.
1242 1989 1319 2061 vid.
1335 1988 1374 2056 ΙΙ.
1385 1984 1422 2051 ll.
1474 2007 1476 2039 ¹

697 2138 923 2275 ,nm

354 2339 482 2407 Arrinn.
505 2339 566 2408 111.
591 2344 648 2411 30.
672 2345 706 2413 7.
718 2338 790 2464 .Τῷ
816 2331 951 2410 Τανάϊδι
969 2329 1090 2426 τοάτῳ,
1110 2362 1147 2407 ον
1166 2331 1208 2428 δὴ
1222 2312 1421 2423 καλλαξᾶρψ

311 2433 442 2530 αλλιρ’
421 2434 554 2527 ονάματι
578 2467 666 2537 προς
685 2446 751 2513 τῶν
770 2442 955 2534 ἐπιχωρίων
973 2434 1154 2535 βαρβάρων
1172 2440 1347 2508 καλεῖσθαι
1364 2434 1426 2523 λλγῑλ

311 2538 646 2637 Αριστόβουλος,
674 2575 709 2618 αι
699 2546 835 2640 ‘npyal
861 2546 963 2631 pdr'
944 2570 980 2615 εκ
1002 2546 1064 2614 τοῦ
1083 2537 1258 2615 Καυκάσου
1280 2530 1427 2634 οροοςκαλ

311 2643 402 2736 αάτρλ
426 2648 523 2718 εἰσίν·
549 2650 653 2742 ἕξλησι
679 2653 717 2720 δὲ
742 2651 797 2720 καλ
825 2641 922 2726 οὗτος
946 2641 965 2718 ὁ
990 2643 1139 2735 ποταμός
1163 2640 1260 2727 ἐς
1219 2671 1277 2738 την
1292 2639 1428 2737 Ὑρκανία

310 2744 493 2821 θάλασσαν.

356 2860 507 2947 vulgaris
528 2860 608 2928 haec
632 2864 695 2929 fuit
719 2857 975 2929 Macedonum
950 2880 1015 2925 sive
1040 2859 1148 2947 opinio
1170 2853 1351 2947 (Plutarch.
1371 2847 1429 2924 Vll·

320 2961 419 3031 Αλτα.
444 2966 544 3047 xm
570 2969 654 3038 Plin.
681 2967 723 3034 Η.
748 2963 793 3033 N.
824 2967 881 3036 VI.
908 2962 976 3055 18.)
1006 2985 1063 3031 seu
1089 2963 1232 3031 adulatio
1266 2953 1430 3054 (seruit

317 3094 352 3159 p.
371 3069 436 3138 777
457 3070 525 3160 A),
542 3086 579 3139 ut
597 3076 718 3141 Tanain
739 3073 942 3139 nominarent
958 3070 1241 3160 septentrionalem
1257 3069 1375 3137 Persici
1386 3068 1431 3133 im·

312 3179 394 3263 perii
415 3182 603 3261 terminum,
622 3192 777 3268 tanquam
795 3202 858 3246 non
880 3178 1042 3245 diversum
1061 3201 1079 3244 a
1100 3177 1253 3265 Scythico
1273 3177 1385 3258 Tanai,
1402 3169 1432 3237 tl

311 3283 442 3370 Europa
463 3283 570 3351 Asiam
598 3297 797 3355 secernente.
830 3286 1053 3352 Aristobuluin
1077 3286 1163 3350 inter
1192 3294 1369 3378 utrumqne
1385 3277 1433 3346 llu-

312 3390 400 3455 vium
417 3390 517 3477 probe
538 3389 734 3474 distinxisse,
755 3414 792 3458 ex
808 3392 872 3458 hoc
891 3390 962 3476 ejus
980 3392 1159 3479 fragmento
1175 3387 1380 3456 manifestum
1388 3395 1434 3453 est.

312 3491 435 3564 Verum
454 3495 504 3560 illi
516 3519 632 3563 nomen
643 3500 707 3564 luit
722 3487 883 3588 Ἰαξάρτης
903 3497 959 3587 (cf.
976 3496 1140 3565 Schmied.
1159 3495 1200 3563 ad
1210 3497 1339 3565 Arrian.
1359 3496 1381 3565 l.
1394 3488 1436 3580 l),

313 3601 401 3689 quod
421 3603 579 3690 etiamap.
597 3602 765 3672 Plutarch.
785 3625 845 3689 pro
861 3590 1048 3692 Ὀρεξάρτης
1067 3603 1192 3669 restitui
1211 3601 1341 3668 volebat
1356 3601 1439 3668 Blan-

313 3706 444 3789 cardus3
464 3708 621 3798 Scythae,
642 3723 722 3777 teste
741 3712 865 3791 Plinio,
888 3706 986 3775 Silia
1008 3710 1223 3798 appellarunt.
1247 3710 1340 3792 Quae
1359 3707 1441 3775 deoc

312 3814 428 3880 Strabo
446 3827 555 3881 monet
576 3818 601 3885 l.
623 3819 647 3887 l.
668 3841 701 3905 p.
725 3819 789 3883 777
821 3817 865 3896 (l,
885 3835 1017 3880 monere
1042 3817 1120 3881 item
1142 3838 1180 3881 ex
1199 3815 1387 3883 Aristobulo
1404 3815 1444 3879 ri·
1473 3811 1476 3818 ’

314 3919 420 3989 detur.
451 3909 498 3985 Ἐκ
516 3920 581 3987 τοῖν
601 3913 708 3988 αὐτῶν
729 3913 829 4010 ὀροῖν,
852 3922 976 4010 inquit,
999 3920 1064 3986 τῶν
1083 3912 1230 4001 ’[νᾶικολν,
1252 3917 1287 4000 ἐξ
1309 3912 1356 3986 ὧν
1377 3912 1397 3989 ὅ
1415 3939 1447 3987 τε

307 4011 405 4109 Ὠχος
425 4022 480 4090 καὶ
500 4012 632 4103 discor
646 4022 800 4115 φέρεται,
822 4021 877 4091 καλ
897 4016 991 4092 άλλοι
1009 4021 1145 4099 πλελοος
1165 4022 1220 4089 καὶ
1240 4017 1259 4090 ὁ
1279 4013 1448 4114 Ἰαξάρτης,

314 4125 467 4195 ἑνδλδωσί
485 4150 523 4193 τε
543 4119 669 4211 ὁμοίως
689 4126 822 4204 ἐκείνοις
841 4126 891 4204 εἰς
916 4121 956 4197 τά
976 4118 1127 4198 Κάσσιον
1146 4124 1304 4215 πέλαγος,
1325 4117 1451 4196 πάντων

315 4220 561 4317 ἆρκτατάτατος.
594 4231 717 4299 Τοῦτον
738 4220 796 4300 οὖν
820 4223 991 4316 ολνάμασαν
1021 4220 1148 4299 Τάναϊν.
1181 4235 1230 4302 cf.
1256 4257 1288 4320 p.
1315 4236 1384 4304 787
1411 4237 1452 4318 B,

317 4336 381 4401 788
401 4335 440 4404 A.
462 4338 499 4407 B.
531 4338 642 4405 Misere
659 4337 830 4407 Arriauum
850 4340 1034 4426 compilarit
1057 4337 1162 4406 denuo
1183 4342 1305 4408 Auctor
1329 4339 1453 4411 Itiusr.
