<?xml version="1.0" encoding="UTF-8"?>
<!DOCTYPE html PUBLIC "-//W3C//DTD XHTML 1.0 Transitional//EN"
    "http://www.w3.org/TR/xhtml1/DTD/xhtml1-transitional.dtd">
<html xmlns="http://www.w3.org/1999/xhtml" xml:lang="en" lang="en">
 <head>
  <title>
</title>
<meta http-equiv="Content-Type" content="text/html;charset=utf-8" />
  <meta name='ocr-system' content='tesseract 3.04.00' />
  <meta name='ocr-capabilities' content='ocr_page ocr_carea ocr_par ocr_line ocrx_word'/>
</head>
<body>
  <div class='ocr_page' id='page_1' title='image "./ptolemaeieordae00ptolgoog/ptolemaeieordae00ptolgoog_0052.png"; bbox 0 0 3300 5600; ppageno 0'>
   <div class='ocr_carea' id='block_1_1' title="bbox 798 600 840 663">
    <p class='ocr_par' dir='ltr' id='par_1_1' title="bbox 798 600 840 663">
     <span class='ocr_line' id='line_1_1' title="bbox 798 600 840 663; baseline 0.048 -2"><span class='ocrx_word' id='word_1_1' title='bbox 798 600 840 663; x_wconf 77' lang='lat'><strong>28</strong></span> 
     </span>
    </p>
   </div>
   <div class='ocr_carea' id='block_1_2' title="bbox 258 769 1389 964">
    <p class='ocr_par' dir='ltr' id='par_1_2' title="bbox 258 769 1386 964">
     <span class='ocr_line' id='line_1_2' title="bbox 259 769 1386 865; baseline 0.006 -29"><span class='ocrx_word' id='word_1_2' title='bbox 259 773 397 838; x_wconf 86' lang='lat' dir='ltr'><strong>ricorum</strong></span> <span class='ocrx_word' id='word_1_3' title='bbox 424 769 635 847; x_wconf 76' lang='lat' dir='ltr'><strong>dissensione,</strong></span> <span class='ocrx_word' id='word_1_4' title='bbox 667 780 703 835; x_wconf 91' lang='lat' dir='ltr'><strong>ut</strong></span> <span class='ocrx_word' id='word_1_5' title='bbox 734 771 785 836; x_wconf 83' lang='lat' dir='ltr'><strong>rix</strong></span> <span class='ocrx_word' id='word_1_6' title='bbox 814 791 893 858; x_wconf 85' lang='lat' dir='ltr'><strong>opus</strong></span> <span class='ocrx_word' id='word_1_7' title='bbox 921 771 962 837; x_wconf 82' lang='lat' dir='ltr'><strong>sit</strong></span> <span class='ocrx_word' id='word_1_8' title='bbox 991 771 1056 840; x_wconf 84' lang='lat' dir='ltr'><strong>lul.</strong></span> <span class='ocrx_word' id='word_1_9' title='bbox 1082 773 1223 856; x_wconf 81' lang='lat' dir='ltr'><strong>llolerii,</strong></span> <span class='ocrx_word' id='word_1_10' title='bbox 1251 777 1386 865; x_wconf 72' lang='lat' dir='ltr'><strong>insignis</strong></span> 
     </span>
     <span class='ocr_line' id='line_1_3' title="bbox 258 875 1389 964; baseline 0.008 -19"><span class='ocrx_word' id='word_1_11' title='bbox 258 877 496 947; x_wconf 81' lang='lat' dir='ltr'><strong>mendaciorum</strong></span> <span class='ocrx_word' id='word_1_12' title='bbox 506 875 753 964; x_wconf 83' lang='lat' dir='ltr'><strong>labulammque</strong></span> <span class='ocrx_word' id='word_1_13' title='bbox 764 877 955 963; x_wconf 84' lang='lat' dir='ltr'><strong>captatoris</strong></span> <span class='ocrx_word' id='word_1_14' title='bbox 968 889 1185 949; x_wconf 81' lang='lat' dir='ltr'><strong>commentum</strong></span> <span class='ocrx_word' id='word_1_15' title='bbox 1195 902 1389 963; x_wconf 80' lang='lat' dir='ltr'><strong>memorare.</strong></span> 
     </span>
    </p>
   </div>
   <div class='ocr_carea' id='block_1_3' title="bbox 257 980 1386 1182">
    <p class='ocr_par' dir='ltr' id='par_1_3' title="bbox 257 980 1386 1182">
     <span class='ocr_line' id='line_1_4' title="bbox 259 980 1386 1070; baseline 0.006 -22"><span class='ocrx_word' id='word_1_16' title='bbox 259 984 312 1048; x_wconf 89' lang='lat' dir='ltr'><strong>oui</strong></span> <span class='ocrx_word' id='word_1_17' title='bbox 329 983 548 1069; x_wconf 84' lang='lat' dir='ltr'><strong>scrupulosam</strong></span> <span class='ocrx_word' id='word_1_18' title='bbox 565 982 716 1048; x_wconf 87' lang='lat' dir='ltr'><strong>nimirum</strong></span> <span class='ocrx_word' id='word_1_19' title='bbox 727 980 928 1070; x_wconf 72' lang='lat' dir='ltr'><strong>diligentiam</strong></span> <span class='ocrx_word' id='word_1_20' title='bbox 946 984 1117 1055; x_wconf 63' lang='lat' dir='ltr'><strong>almurus:</strong></span> <span class='ocrx_word' id='word_1_21' title='bbox 1128 1004 1286 1057; x_wconf 76' lang='lat' dir='ltr'><strong>summm</strong></span> <span class='ocrx_word' id='word_1_22' title='bbox 1304 990 1386 1061; x_wconf 82' lang='lat' dir='ltr'><strong>mili.-</strong></span> 
     </span>
     <span class='ocr_line' id='line_1_5' title="bbox 257 1087 1384 1182; baseline 0.007 -29"><span class='ocrx_word' id='word_1_23' title='bbox 257 1090 394 1155; x_wconf 85' lang='lat' dir='ltr'><strong>tentium</strong></span> <span class='ocrx_word' id='word_1_24' title='bbox 411 1087 453 1154; x_wconf 87' lang='lat' dir='ltr'><strong>ad</strong></span> <span class='ocrx_word' id='word_1_25' title='bbox 473 1090 583 1156; x_wconf 76' lang='lat'><strong>70654</strong></span> <span class='ocrx_word' id='word_1_26' title='bbox 603 1087 746 1155; x_wconf 88' lang='lat' dir='ltr'><strong>homines</strong></span> <span class='ocrx_word' id='word_1_27' title='bbox 771 1109 892 1177; x_wconf 85' lang='lat' dir='ltr'><strong>augere</strong></span> <span class='ocrx_word' id='word_1_28' title='bbox 919 1089 1052 1175; x_wconf 83' lang='lat' dir='ltr'><strong>placuit.</strong></span> <span class='ocrx_word' id='word_1_29' title='bbox 1088 1090 1162 1160; x_wconf 83' lang='lat' dir='ltr'><strong>vid.</strong></span> <span class='ocrx_word' id='word_1_30' title='bbox 1190 1089 1270 1159; x_wconf 81' lang='lat' dir='ltr'><strong>Ros·</strong></span> <span class='ocrx_word' id='word_1_31' title='bbox 1285 1107 1384 1182; x_wconf 74' lang='lat' dir='ltr'><strong>gott</strong></span> 
     </span>
    </p>
   </div>
   <div class='ocr_carea' id='block_1_4' title="bbox 258 1193 844 1454">
    <p class='ocr_par' dir='ltr' id='par_1_4' title="bbox 258 1193 844 1454">
     <span class='ocr_line' id='line_1_6' title="bbox 258 1193 479 1262; baseline 0 -2"><span class='ocrx_word' id='word_1_32' title='bbox 258 1193 357 1260; x_wconf 70' lang='lat' dir='ltr'><strong>Alete</strong></span> <span class='ocrx_word' id='word_1_33' title='bbox 374 1195 402 1262; x_wconf 98' lang='grc' dir='ltr'><strong>Ι.</strong></span> <span class='ocrx_word' id='word_1_34' title='bbox 425 1197 479 1262; x_wconf 93' lang='grc'><strong>15.</strong></span> 
     </span>
     <span class='ocr_line' id='line_1_7' title="bbox 802 1388 844 1454; baseline -0.048 0"><span class='ocrx_word' id='word_1_35' title='bbox 802 1388 844 1454; x_wconf 83' lang='lat' dir='ltr'><strong>V.</strong></span> 
     </span>
    </p>
   </div>
   <div class='ocr_carea' id='block_1_5' title="bbox 252 1540 1396 4712">
    <p class='ocr_par' dir='ltr' id='par_1_5' title="bbox 252 1540 1388 2488">
     <span class='ocr_line' id='line_1_8' title="bbox 302 1540 1387 1696; baseline 0.001 -52"><span class='ocrx_word' id='word_1_36' title='bbox 302 1577 426 1644; x_wconf 79' lang='lat' dir='ltr'><strong>Arriae.</strong></span> <span class='ocrx_word' id='word_1_37' title='bbox 460 1578 505 1645; x_wconf 91' lang='lat'><strong>11.</strong></span> <span class='ocrx_word' id='word_1_38' title='bbox 535 1580 590 1645; x_wconf 91' lang='lat'><strong>11.</strong></span> <span class='ocrx_word' id='word_1_39' title='bbox 613 1578 648 1643; x_wconf 90' lang='lat'><strong>8.</strong></span> <span class='ocrx_word' id='word_1_40' title='bbox 681 1570 754 1643; x_wconf 81' lang='grc' dir='ltr'><strong>Τῶν</strong></span> <span class='ocrx_word' id='word_1_41' title='bbox 777 1573 916 1696; x_wconf 79' lang='grc' dir='ltr'><strong><em>Περσῶν</em></strong></span> <span class='ocrx_word' id='word_1_42' title='bbox 943 1540 1111 1644; x_wconf 56' lang='lat' dir='ltr'><strong>&amp;redderer</strong></span> <span class='ocrx_word' id='word_1_43' title='bbox 1138 1576 1197 1664; x_wconf 80' lang='grc' dir='ltr'><strong>μὲν</strong></span> <span class='ocrx_word' id='word_1_44' title='bbox 1227 1569 1387 1687; x_wconf 76' lang='grc' dir='ltr'><strong><em>Ἀρσάμης</em></strong></span> 
     </span>
     <span class='ocr_line' id='line_1_9' title="bbox 258 1668 1387 1806; baseline 0.004 -60"><span class='ocrx_word' id='word_1_45' title='bbox 258 1704 312 1782; x_wconf 84' lang='grc' dir='ltr'><strong>ιιαι</strong></span> <span class='ocrx_word' id='word_1_46' title='bbox 301 1673 521 1772; x_wconf 76' lang='grc' dir='ltr'><strong><em>Ῥεομίθρης</em></strong></span> <span class='ocrx_word' id='word_1_47' title='bbox 541 1679 595 1748; x_wconf 88' lang='grc' dir='ltr'><strong>καί</strong></span> <span class='ocrx_word' id='word_1_48' title='bbox 617 1668 771 1771; x_wconf 78' lang='grc' dir='ltr'><strong><em>’Λνιζάης</em></strong></span> <span class='ocrx_word' id='word_1_49' title='bbox 791 1678 857 1746; x_wconf 76' lang='grc' dir='ltr'><strong>τῶν</strong></span> <span class='ocrx_word' id='word_1_50' title='bbox 877 1674 933 1747; x_wconf 86' lang='grc' dir='ltr'><strong><em>ε’πί</em></strong></span> <span class='ocrx_word' id='word_1_51' title='bbox 948 1681 1097 1806; x_wconf 73' lang='grc' dir='ltr'><strong><em>Γρανικῷ</em></strong></span> <span class='ocrx_word' id='word_1_52' title='bbox 1097 1670 1326 1806; x_wconf 69' lang='grc' dir='ltr'><strong>ἦνησοιμὲνιιίν</strong></span> <span class='ocrx_word' id='word_1_53' title='bbox 1332 1707 1387 1752; x_wconf 82' lang='grc' dir='ltr'><strong>του</strong></span> 
     </span>
     <span class='ocr_line' id='line_1_10' title="bbox 258 1771 1387 1883; baseline 0.004 -33"><span class='ocrx_word' id='word_1_54' title='bbox 258 1776 403 1851; x_wconf 81' lang='grc' dir='ltr'><strong>ἱππικοῦ.</strong></span> <span class='ocrx_word' id='word_1_55' title='bbox 425 1775 706 1874; x_wconf 70' lang='grc' dir='ltr'><strong>Ἀποθιήσκειιίὲ</strong></span> <span class='ocrx_word' id='word_1_56' title='bbox 725 1781 780 1849; x_wconf 84' lang='grc' dir='ltr'><strong>’καί</strong></span> <span class='ocrx_word' id='word_1_57' title='bbox 806 1771 955 1872; x_wconf 79' lang='grc' dir='ltr'><strong><em>Σαβάκης</em></strong></span> <span class='ocrx_word' id='word_1_58' title='bbox 981 1772 1000 1851; x_wconf 83' lang='lat' dir='ltr'><strong>o‘</strong></span> <span class='ocrx_word' id='word_1_59' title='bbox 1022 1775 1196 1870; x_wconf 72' lang='grc' dir='ltr'><strong>Αἰγύπτου</strong></span> <span class='ocrx_word' id='word_1_60' title='bbox 1221 1776 1387 1883; x_wconf 76' lang='grc' dir='ltr'><strong><em>σοι’τράπης</em></strong></span> 
     </span>
     <span class='ocr_line' id='line_1_11' title="bbox 256 1876 1388 2004; baseline 0.004 -51"><span class='ocrx_word' id='word_1_61' title='bbox 256 1913 309 1953; x_wconf 84' lang='grc' dir='ltr'><strong>και</strong></span> <span class='ocrx_word' id='word_1_62' title='bbox 301 1876 494 1976; x_wconf 73' lang='grc' dir='ltr'><strong><em>Βουβάρης</em></strong></span> <span class='ocrx_word' id='word_1_63' title='bbox 510 1885 574 1952; x_wconf 77' lang='grc' dir='ltr'><strong><em>τοῖν</em></strong></span> <span class='ocrx_word' id='word_1_64' title='bbox 589 1884 724 1970; x_wconf 78' lang='grc' dir='ltr'><strong><em>ἐντίμων</em></strong></span> <span class='ocrx_word' id='word_1_65' title='bbox 738 1885 891 2004; x_wconf 77' lang='grc' dir='ltr'><strong><em>Περσῶν,</em></strong></span> <span class='ocrx_word' id='word_1_66' title='bbox 911 1877 1002 1953; x_wconf 78' lang='grc' dir='ltr'><strong><em>τοδί</em></strong></span> <span class='ocrx_word' id='word_1_67' title='bbox 1016 1876 1094 1954; x_wconf 66' lang='lat' dir='ltr'><strong>aloto</strong></span> <span class='ocrx_word' id='word_1_68' title='bbox 1104 1887 1303 1985; x_wconf 70' lang='grc' dir='ltr'><strong><em>πλῆθοςόις</em></strong></span> <span class='ocrx_word' id='word_1_69' title='bbox 1316 1886 1388 1961; x_wconf 72' lang='grc' dir='ltr'><strong>δέκα</strong></span> 
     </span>
     <span class='ocr_line' id='line_1_12' title="bbox 252 1976 1386 2115; baseline 0.004 -60"><span class='ocrx_word' id='word_1_70' title='bbox 252 1985 395 2073; x_wconf 75' lang='grc' dir='ltr'><strong>’μάλιστα</strong></span> <span class='ocrx_word' id='word_1_71' title='bbox 422 1980 600 2080; x_wconf 75' lang='grc' dir='ltr'><strong><em>μυριάδας,</em></strong></span> <span class='ocrx_word' id='word_1_72' title='bbox 621 1988 676 2056; x_wconf 86' lang='grc' dir='ltr'><strong>καί</strong></span> <span class='ocrx_word' id='word_1_73' title='bbox 695 1986 728 2056; x_wconf 76' lang='grc' dir='ltr'><strong>ἐν</strong></span> <span class='ocrx_word' id='word_1_74' title='bbox 748 1978 875 2064; x_wconf 83' lang='grc' dir='ltr'><strong><em>τοάιοις</em></strong></span> <span class='ocrx_word' id='word_1_75' title='bbox 897 1986 996 2056; x_wconf 53' lang='lat' dir='ltr'><strong>eund</strong></span> <span class='ocrx_word' id='word_1_76' title='bbox 982 2010 1013 2064; x_wconf 89' lang='grc' dir='ltr'><strong><em>ς</em></strong></span> <span class='ocrx_word' id='word_1_77' title='bbox 1033 1976 1130 2080; x_wconf 72' lang='lat' dir='ltr'><strong>dudo</strong></span> <span class='ocrx_word' id='word_1_78' title='bbox 1141 1985 1218 2068; x_wconf 80' lang='grc' dir='ltr'><strong><em>τούς</em></strong></span> <span class='ocrx_word' id='word_1_79' title='bbox 1239 1978 1386 2115; x_wconf 76' lang='grc' dir='ltr'><strong><em>μυρίους,</em></strong></span> 
     </span>
     <span class='ocr_line' id='line_1_13' title="bbox 257 2080 1388 2211; baseline 0.003 -54"><span class='ocrx_word' id='word_1_80' title='bbox 257 2085 342 2157; x_wconf 82' lang='grc' dir='ltr'><strong>ὡσιο</strong></span> <span class='ocrx_word' id='word_1_81' title='bbox 372 2089 458 2179; x_wconf 76' lang='grc' dir='ltr'><em>λέγει</em></span> <span class='ocrx_word' id='word_1_82' title='bbox 490 2083 793 2211; x_wconf 76' lang='grc' dir='ltr'><strong><em>ΠτοΙεμαῖος</em></strong></span> <span class='ocrx_word' id='word_1_83' title='bbox 774 2114 793 2159; x_wconf 92' lang='grc' dir='ltr'><strong><em>ο</em></strong></span> <span class='ocrx_word' id='word_1_84' title='bbox 829 2080 979 2177; x_wconf 79' lang='grc' dir='ltr'><strong><em>Λάμου,</em></strong></span> <span class='ocrx_word' id='word_1_85' title='bbox 1009 2082 1356 2179; x_wconf 74' lang='grc' dir='ltr'><strong><em>ξυνεπισπόμενος’</em></strong></span> <span class='ocrx_word' id='word_1_86' title='bbox 1317 2117 1388 2164; x_wconf 78' lang='grc' dir='ltr'><strong><em>τοτε</em></strong></span> 
     </span>
     <span class='ocr_line' id='line_1_14' title="bbox 255 2183 1388 2319; baseline 0.004 -58.032"><span class='ocrx_word' id='word_1_87' title='bbox 255 2186 479 2301; x_wconf 68' lang='grc' dir='ltr'><strong>Αλεξάνδρου,</strong></span> <span class='ocrx_word' id='word_1_88' title='bbox 500 2216 578 2293; x_wconf 81' lang='grc' dir='ltr'><strong><em>τους</em></strong></span> <span class='ocrx_word' id='word_1_89' title='bbox 598 2187 682 2278; x_wconf 66' lang='lat' dir='ltr'><strong>escol</strong></span> <span class='ocrx_word' id='word_1_90' title='bbox 703 2188 799 2283; x_wconf 75' lang='grc' dir='ltr'><strong><em>σφ’ων</em></strong></span> <span class='ocrx_word' id='word_1_91' title='bbox 818 2183 992 2268; x_wconf 67' lang='grc' dir='ltr'><strong><em>διώκοντας</em></strong></span> <span class='ocrx_word' id='word_1_92' title='bbox 1014 2189 1213 2284; x_wconf 63' lang='grc' dir='ltr'><strong><em>Δαρὲῖον,“</em></strong></span> <span class='ocrx_word' id='word_1_93' title='bbox 1185 2206 1232 2277; x_wconf 76' lang='grc' dir='ltr'><strong><em>ως</em></strong></span> <span class='ocrx_word' id='word_1_94' title='bbox 1249 2190 1313 2264; x_wconf 71' lang='grc' dir='ltr'><strong>ἐπί</strong></span> <span class='ocrx_word' id='word_1_95' title='bbox 1320 2188 1388 2319; x_wconf 55' lang='lat' dir='ltr'><strong>oli}</strong></span> 
     </span>
     <span class='ocr_line' id='line_1_15' title="bbox 256 2283 1387 2437; baseline 0.005 -74"><span class='ocrx_word' id='word_1_96' title='bbox 256 2295 351 2419; x_wconf 72' lang='grc' dir='ltr'><strong><em>ροιημί</em></strong></span> <span class='ocrx_word' id='word_1_97' title='bbox 368 2320 429 2364; x_wconf 80' lang='grc' dir='ltr'><strong>τινι</strong></span> <span class='ocrx_word' id='word_1_98' title='bbox 445 2288 479 2409; x_wconf 71' lang='lat' dir='ltr'><strong>liv</strong></span> <span class='ocrx_word' id='word_1_99' title='bbox 496 2320 550 2385; x_wconf 77' lang='grc' dir='ltr'><strong>τη·</strong></span> <span class='ocrx_word' id='word_1_100' title='bbox 523 2286 670 2378; x_wconf 80' lang='grc' dir='ltr'><em>διώξει</em></span> <span class='ocrx_word' id='word_1_101' title='bbox 690 2293 849 2383; x_wconf 76' lang='grc' dir='ltr'><strong><em>ἐγένοντο,</em></strong></span> <span class='ocrx_word' id='word_1_102' title='bbox 870 2283 927 2435; x_wconf 68' lang='grc' dir='ltr'><strong>ἐμαί</strong></span> <span class='ocrx_word' id='word_1_103' title='bbox 945 2295 1011 2362; x_wconf 71' lang='grc' dir='ltr'><strong>τῶν</strong></span> <span class='ocrx_word' id='word_1_104' title='bbox 1028 2319 1156 2435; x_wconf 75' lang='grc' dir='ltr'><strong><em>νεκροιν</em></strong></span> <span class='ocrx_word' id='word_1_105' title='bbox 1164 2292 1374 2435; x_wconf 66' lang='grc' dir='ltr'><strong>διαβῆναιΙ</strong></span> <span class='ocrx_word' id='word_1_106' title='bbox 1335 2322 1387 2437; x_wconf 77' lang='grc' dir='ltr'><strong>την</strong></span> 
     </span>
     <span class='ocr_line' id='line_1_16' title="bbox 256 2391 854 2488; baseline -0.002 0"><span class='ocrx_word' id='word_1_107' title='bbox 256 2391 420 2488; x_wconf 62' lang='grc' dir='ltr'><strong><em>Ψᾶραίία·</em></strong></span> <span class='ocrx_word' id='word_1_108' title='bbox 847 2432 854 2449; x_wconf 89' lang='grc'><strong>“</strong></span> 
     </span>
    </p>

    <p class='ocr_par' dir='ltr' id='par_1_6' title="bbox 254 2444 1396 4712">
     <span class='ocr_line' id='line_1_17' title="bbox 302 2444 1388 2592; baseline 0.005 -22"><span class='ocrx_word' id='word_1_109' title='bbox 302 2506 339 2570; x_wconf 90' lang='lat' dir='ltr'><strong>In</strong></span> <span class='ocrx_word' id='word_1_110' title='bbox 370 2505 580 2571; x_wconf 84' lang='lat' dir='ltr'><strong>nobilioribus</strong></span> <span class='ocrx_word' id='word_1_111' title='bbox 610 2506 777 2570; x_wconf 82' lang='lat' dir='ltr'><strong>Persarum</strong></span> <span class='ocrx_word' id='word_1_112' title='bbox 808 2504 961 2585; x_wconf 87' lang='lat' dir='ltr'><strong>ducibus,</strong></span> <span class='ocrx_word' id='word_1_113' title='bbox 992 2507 1048 2592; x_wconf 86' lang='lat' dir='ltr'><strong>qui</strong></span> <span class='ocrx_word' id='word_1_114' title='bbox 1078 2508 1112 2569; x_wconf 91' lang='lat' dir='ltr'><strong>in</strong></span> <span class='ocrx_word' id='word_1_115' title='bbox 1117 2504 1200 2572; x_wconf 84' lang='lat' dir='ltr'><strong>bo&#39;o</strong></span> <span class='ocrx_word' id='word_1_116' title='bbox 1217 2506 1265 2572; x_wconf 92' lang='lat' dir='ltr'><strong>ad</strong></span> <span class='ocrx_word' id='word_1_117' title='bbox 1288 2444 1388 2575; x_wconf 70' lang='lat' dir='ltr'><strong>{dsunt</strong></span> 
     </span>
     <span class='ocr_line' id='line_1_18' title="bbox 258 2610 1388 2702; baseline 0.006 -27"><span class='ocrx_word' id='word_1_118' title='bbox 258 2613 382 2697; x_wconf 88' lang='lat' dir='ltr'><strong>proelio</strong></span> <span class='ocrx_word' id='word_1_119' title='bbox 404 2611 610 2692; x_wconf 86' lang='lat' dir='ltr'><strong>ceciderunt,</strong></span> <span class='ocrx_word' id='word_1_120' title='bbox 640 2610 727 2697; x_wconf 88' lang='lat' dir='ltr'><strong>apud</strong></span> <span class='ocrx_word' id='word_1_121' title='bbox 752 2610 929 2676; x_wconf 89' lang='lat' dir='ltr'><strong>Diodorum</strong></span> <span class='ocrx_word' id='word_1_122' title='bbox 955 2630 1085 2698; x_wconf 89' lang='lat' dir='ltr'><strong>quoque</strong></span> <span class='ocrx_word' id='word_1_123' title='bbox 1111 2610 1226 2700; x_wconf 81' lang='lat' dir='ltr'>(XVII.</span> <span class='ocrx_word' id='word_1_124' title='bbox 1248 2611 1316 2702; x_wconf 81' lang='lat'><strong>34.)</strong></span> <span class='ocrx_word' id='word_1_125' title='bbox 1336 2632 1388 2682; x_wconf 89' lang='lat' dir='ltr'><strong>uo·</strong></span> 
     </span>
     <span class='ocr_line' id='line_1_19' title="bbox 255 2705 1390 2808; baseline 0.007 -28"><span class='ocrx_word' id='word_1_126' title='bbox 255 2718 417 2783; x_wconf 86' lang='lat' dir='ltr'><strong>minentur</strong></span> <span class='ocrx_word' id='word_1_127' title='bbox 438 2706 592 2804; x_wconf 71' lang='grc' dir='ltr'><strong><em>’Λτιζάης</em></strong></span> <span class='ocrx_word' id='word_1_128' title='bbox 616 2714 665 2806; x_wconf 77' lang='lat' dir='ltr'><strong>(ut</strong></span> <span class='ocrx_word' id='word_1_129' title='bbox 686 2738 744 2803; x_wconf 91' lang='lat' dir='ltr'><strong>pro</strong></span> <span class='ocrx_word' id='word_1_130' title='bbox 764 2705 934 2804; x_wconf 79' lang='grc' dir='ltr'><strong><em>Ἀννιξάης</em></strong></span> <span class='ocrx_word' id='word_1_131' title='bbox 955 2715 1024 2801; x_wconf 77' lang='lat' dir='ltr'><strong>jam</strong></span> <span class='ocrx_word' id='word_1_132' title='bbox 1046 2717 1184 2786; x_wconf 83' lang='lat' dir='ltr'><strong>Wessel.</strong></span> <span class='ocrx_word' id='word_1_133' title='bbox 1207 2722 1307 2787; x_wconf 85' lang='lat' dir='ltr'><strong>scribi</strong></span> <span class='ocrx_word' id='word_1_134' title='bbox 1324 2722 1390 2808; x_wconf 87' lang='lat' dir='ltr'><strong>jus·</strong></span> 
     </span>
     <span class='ocr_line' id='line_1_20' title="bbox 255 2811 1388 2917; baseline 0.003 -28"><span class='ocrx_word' id='word_1_135' title='bbox 255 2821 308 2911; x_wconf 87' lang='lat' dir='ltr'><strong>sit)</strong></span> <span class='ocrx_word' id='word_1_136' title='bbox 332 2822 390 2888; x_wconf 87' lang='grc' dir='ltr'><strong>ιιαί-</strong></span> <span class='ocrx_word' id='word_1_137' title='bbox 406 2814 599 2910; x_wconf 77' lang='grc' dir='ltr'><strong><em>Ῥεομίθρης</em></strong></span> <span class='ocrx_word' id='word_1_138' title='bbox 618 2819 672 2885; x_wconf 87' lang='grc' dir='ltr'><strong>καί</strong></span> <span class='ocrx_word' id='word_1_139' title='bbox 692 2814 712 2887; x_wconf 86' lang='grc' dir='ltr'>ὁ</span> <span class='ocrx_word' id='word_1_140' title='bbox 734 2821 791 2910; x_wconf 78' lang='grc' dir='ltr'><strong>τῆς</strong></span> <span class='ocrx_word' id='word_1_141' title='bbox 808 2812 981 2906; x_wconf 68' lang='grc' dir='ltr'><strong><em>Λίμάνινου</em></strong></span> <span class='ocrx_word' id='word_1_142' title='bbox 1001 2811 1174 2912; x_wconf 74' lang='grc' dir='ltr'><strong><em>σατράπης</em></strong></span> <span class='ocrx_word' id='word_1_143' title='bbox 1194 2818 1388 2917; x_wconf 61' lang='grc' dir='ltr'><strong><em>Ξιαοιάαης,</em></strong></span> 
     </span>
     <span class='ocr_line' id='line_1_21' title="bbox 255 2921 1391 3019; baseline 0.004 -28"><span class='ocrx_word' id='word_1_144' title='bbox 255 2931 306 2995; x_wconf 75' lang='lat' dir='ltr'><strong>vel</strong></span> <span class='ocrx_word' id='word_1_145' title='bbox 331 2941 369 3002; x_wconf 86' lang='lat' dir='ltr'><strong>nt</strong></span> <span class='ocrx_word' id='word_1_146' title='bbox 402 2928 546 3015; x_wconf 83' lang='lat' dir='ltr'><strong>pridem,</strong></span> <span class='ocrx_word' id='word_1_147' title='bbox 573 2926 675 3013; x_wconf 87' lang='lat' dir='ltr'><strong>idque</strong></span> <span class='ocrx_word' id='word_1_148' title='bbox 703 2926 845 3015; x_wconf 80' lang='lat' dir='ltr'><strong>deterius</strong></span> <span class='ocrx_word' id='word_1_149' title='bbox 875 2921 989 3005; x_wconf 71' lang='lat' dir='ltr'><strong>etiem,</strong></span> <span class='ocrx_word' id='word_1_150' title='bbox 1019 2927 1189 3014; x_wconf 83' lang='lat' dir='ltr'><strong>legebetur</strong></span> <span class='ocrx_word' id='word_1_151' title='bbox 1221 2921 1391 3019; x_wconf 80' lang='grc' dir='ltr'><strong><em>Τοοιάκης.</em></strong></span> 
     </span>
     <span class='ocr_line' id='line_1_22' title="bbox 255 3020 1392 3122; baseline -0.001 -20"><span class='ocrx_word' id='word_1_152' title='bbox 255 3038 334 3103; x_wconf 87' lang='lat' dir='ltr'><strong>Nam</strong></span> <span class='ocrx_word' id='word_1_153' title='bbox 361 3035 414 3100; x_wconf 91' lang='lat' dir='ltr'><strong>bio</strong></span> <span class='ocrx_word' id='word_1_154' title='bbox 445 3053 576 3121; x_wconf 88' lang='lat' dir='ltr'><strong>quoque</strong></span> <span class='ocrx_word' id='word_1_155' title='bbox 606 3020 774 3117; x_wconf 75' lang='grc' dir='ltr'><strong><em>-Σαβάαης</em></strong></span> <span class='ocrx_word' id='word_1_156' title='bbox 789 3031 1021 3098; x_wconf 86' lang='lat' dir='ltr'><strong>restituendum</strong></span> <span class='ocrx_word' id='word_1_157' title='bbox 1051 3032 1196 3115; x_wconf 78' lang='lat' dir='ltr'><strong>ridetur3</strong></span> <span class='ocrx_word' id='word_1_158' title='bbox 1226 3033 1392 3122; x_wconf 82' lang='lat' dir='ltr'><strong>quomodo</strong></span> 
     </span>
     <span class='ocr_line' id='line_1_23' title="bbox 256 3135 1394 3227; baseline 0.004 -21"><span class='ocrx_word' id='word_1_159' title='bbox 256 3145 349 3207; x_wconf 87' lang='lat' dir='ltr'><strong>etiam</strong></span> <span class='ocrx_word' id='word_1_160' title='bbox 375 3142 485 3207; x_wconf 83' lang='lat' dir='ltr'><strong>Curtio</strong></span> <span class='ocrx_word' id='word_1_161' title='bbox 515 3138 588 3227; x_wconf 90' lang='grc' dir='ltr'><strong>(ΠΙ.</strong></span> <span class='ocrx_word' id='word_1_162' title='bbox 618 3141 671 3206; x_wconf 91' lang='grc'><strong>11.</strong></span> <span class='ocrx_word' id='word_1_163' title='bbox 702 3135 769 3225; x_wconf 88' lang='grc'><strong>10.)</strong></span> <span class='ocrx_word' id='word_1_164' title='bbox 799 3136 926 3203; x_wconf 86' lang='lat' dir='ltr'><strong>eosdem</strong></span> <span class='ocrx_word' id='word_1_165' title='bbox 950 3142 1138 3205; x_wconf 80' lang='lat' dir='ltr'><strong>memoranti</strong></span> <span class='ocrx_word' id='word_1_166' title='bbox 1162 3152 1314 3222; x_wconf 80' lang='lat' dir='ltr'><strong>vocatur,</strong></span> <span class='ocrx_word' id='word_1_167' title='bbox 1336 3143 1394 3210; x_wconf 87' lang='lat' dir='ltr'><strong>ubi</strong></span> 
     </span>
     <span class='ocr_line' id='line_1_24' title="bbox 256 3244 1395 3331; baseline -0.001 -17"><span class='ocrx_word' id='word_1_168' title='bbox 256 3271 316 3314; x_wconf 90' lang='lat' dir='ltr'><strong>cur</strong></span> <span class='ocrx_word' id='word_1_169' title='bbox 346 3246 545 3311; x_wconf 81' lang='lat' dir='ltr'><strong>lluetnellius</strong></span> <span class='ocrx_word' id='word_1_170' title='bbox 573 3266 750 3331; x_wconf 86' lang='lat' dir='ltr'><strong>paucorum</strong></span> <span class='ocrx_word' id='word_1_171' title='bbox 775 3244 925 3310; x_wconf 88' lang='lat' dir='ltr'><strong>codicum</strong></span> <span class='ocrx_word' id='word_1_172' title='bbox 954 3248 1146 3312; x_wconf 87' lang='lat' dir='ltr'><strong>auctoritate</strong></span> <span class='ocrx_word' id='word_1_173' title='bbox 1170 3267 1286 3313; x_wconf 77' lang='lat' dir='ltr'><strong>noram</strong></span> <span class='ocrx_word' id='word_1_174' title='bbox 1311 3248 1395 3316; x_wconf 84' lang='lat' dir='ltr'><strong>scri-</strong></span> 
     </span>
     <span class='ocr_line' id='line_1_25' title="bbox 255 3350 1393 3442; baseline -0.001 -22"><span class='ocrx_word' id='word_1_175' title='bbox 255 3355 382 3442; x_wconf 83' lang='lat' dir='ltr'><strong>pturam</strong></span> <span class='ocrx_word' id='word_1_176' title='bbox 398 3350 536 3419; x_wconf 77' lang='lat' dir='ltr'><strong>Sotoooe</strong></span> <span class='ocrx_word' id='word_1_177' title='bbox 552 3351 702 3437; x_wconf 79' lang='lat' dir='ltr'><strong>vulgatae</strong></span> <span class='ocrx_word' id='word_1_178' title='bbox 719 3351 922 3437; x_wconf 86' lang='lat' dir='ltr'><strong>praetulerit,</strong></span> <span class='ocrx_word' id='word_1_179' title='bbox 941 3352 1087 3437; x_wconf 88' lang='lat' dir='ltr'><strong>plurimis</strong></span> <span class='ocrx_word' id='word_1_180' title='bbox 1111 3352 1202 3417; x_wconf 87' lang='lat' dir='ltr'><strong>libris</strong></span> <span class='ocrx_word' id='word_1_181' title='bbox 1219 3354 1393 3439; x_wconf 83' lang='lat' dir='ltr'><strong>probatae,</strong></span> 
     </span>
     <span class='ocr_line' id='line_1_26' title="bbox 256 3456 1394 3546; baseline 0.001 -22"><span class='ocrx_word' id='word_1_182' title='bbox 256 3482 319 3525; x_wconf 91' lang='lat' dir='ltr'><strong>non</strong></span> <span class='ocrx_word' id='word_1_183' title='bbox 336 3461 509 3546; x_wconf 87' lang='lat' dir='ltr'><strong>perspicio.</strong></span> <span class='ocrx_word' id='word_1_184' title='bbox 532 3459 688 3524; x_wconf 82' lang='lat' dir='ltr'><strong>Universe</strong></span> <span class='ocrx_word' id='word_1_185' title='bbox 705 3469 814 3523; x_wconf 88' lang='lat' dir='ltr'><strong>autem</strong></span> <span class='ocrx_word' id='word_1_186' title='bbox 830 3456 872 3524; x_wconf 89' lang='lat' dir='ltr'><strong>ad</strong></span> <span class='ocrx_word' id='word_1_187' title='bbox 889 3458 992 3523; x_wconf 89' lang='lat' dir='ltr'><strong>Iseum</strong></span> <span class='ocrx_word' id='word_1_188' title='bbox 1008 3461 1172 3545; x_wconf 86' lang='lat' dir='ltr'><strong>ingentem</strong></span> <span class='ocrx_word' id='word_1_189' title='bbox 1192 3460 1289 3524; x_wconf 82' lang='lat' dir='ltr'><strong>brisso</strong></span> <span class='ocrx_word' id='word_1_190' title='bbox 1306 3461 1394 3525; x_wconf 84' lang='lat' dir='ltr'><strong>iuter</strong></span> 
     </span>
     <span class='ocr_line' id='line_1_27' title="bbox 255 3564 1394 3652; baseline -0.002 -19"><span class='ocrx_word' id='word_1_191' title='bbox 255 3568 364 3633; x_wconf 84' lang='lat' dir='ltr'><strong>Persas</strong></span> <span class='ocrx_word' id='word_1_192' title='bbox 384 3564 501 3630; x_wconf 82' lang='lat' dir='ltr'><strong>editam</strong></span> <span class='ocrx_word' id='word_1_193' title='bbox 521 3576 677 3652; x_wconf 83' lang='lat' dir='ltr'><strong>stragem,</strong></span> <span class='ocrx_word' id='word_1_194' title='bbox 701 3585 767 3630; x_wconf 90' lang='lat' dir='ltr'><strong>uuo</strong></span> <span class='ocrx_word' id='word_1_195' title='bbox 780 3584 843 3629; x_wconf 88' lang='lat' dir='ltr'><strong>ore</strong></span> <span class='ocrx_word' id='word_1_196' title='bbox 863 3565 1066 3631; x_wconf 88' lang='lat' dir='ltr'><strong>consentiunt</strong></span> <span class='ocrx_word' id='word_1_197' title='bbox 1087 3587 1213 3646; x_wconf 85' lang='lat' dir='ltr'><strong>omnes3</strong></span> <span class='ocrx_word' id='word_1_198' title='bbox 1240 3587 1301 3631; x_wconf 89' lang='lat' dir='ltr'><strong>nec</strong></span> <span class='ocrx_word' id='word_1_199' title='bbox 1327 3568 1394 3630; x_wconf 87' lang='lat' dir='ltr'><strong>mi·</strong></span> 
     </span>
     <span class='ocr_line' id='line_1_28' title="bbox 255 3670 1395 3761; baseline 0.001 -24"><span class='ocrx_word' id='word_1_200' title='bbox 255 3688 331 3737; x_wconf 78' lang='lat' dir='ltr'><strong>ram</strong></span> <span class='ocrx_word' id='word_1_201' title='bbox 345 3672 440 3753; x_wconf 85' lang='lat' dir='ltr'><strong>adeo,</strong></span> <span class='ocrx_word' id='word_1_202' title='bbox 459 3673 485 3737; x_wconf 88' lang='lat' dir='ltr'><strong>si</strong></span> <span class='ocrx_word' id='word_1_203' title='bbox 502 3672 567 3740; x_wconf 91' lang='lat' dir='ltr'><strong>boc</strong></span> <span class='ocrx_word' id='word_1_204' title='bbox 592 3672 699 3758; x_wconf 90' lang='lat' dir='ltr'><strong>ipsum</strong></span> <span class='ocrx_word' id='word_1_205' title='bbox 719 3670 883 3757; x_wconf 89' lang='lat' dir='ltr'><strong>proelium</strong></span> <span class='ocrx_word' id='word_1_206' title='bbox 902 3672 1046 3758; x_wconf 84' lang='lat' dir='ltr'><strong>cogitans</strong></span> <span class='ocrx_word' id='word_1_207' title='bbox 1066 3670 1256 3737; x_wconf 80' lang='lat' dir='ltr'><strong>Plutarchus</strong></span> <span class='ocrx_word' id='word_1_208' title='bbox 1279 3671 1395 3761; x_wconf 76' lang='lat' dir='ltr'><strong>(Oros.</strong></span> 
     </span>
     <span class='ocr_line' id='line_1_29' title="bbox 255 3767 1393 3866; baseline -0.004 -22"><span class='ocrx_word' id='word_1_209' title='bbox 255 3778 295 3844; x_wconf 81' lang='lat' dir='ltr'><strong>de</strong></span> <span class='ocrx_word' id='word_1_210' title='bbox 321 3776 421 3845; x_wconf 77' lang='lat' dir='ltr'><strong>Aloe.</strong></span> <span class='ocrx_word' id='word_1_211' title='bbox 457 3779 501 3845; x_wconf 92' lang='lat'><strong>11.</strong></span> <span class='ocrx_word' id='word_1_212' title='bbox 538 3775 601 3866; x_wconf 79' lang='lat' dir='ltr'><strong>o),</strong></span> <span class='ocrx_word' id='word_1_213' title='bbox 632 3771 761 3859; x_wconf 78' lang='grc' dir='ltr'><strong><em>αἵματι,</em></strong></span> <span class='ocrx_word' id='word_1_214' title='bbox 784 3776 846 3858; x_wconf 89' lang='lat' dir='ltr'><strong>ait,</strong></span> <span class='ocrx_word' id='word_1_215' title='bbox 867 3771 1080 3863; x_wconf 74' lang='grc' dir='ltr'><strong><em>κεκραμένους</em></strong></span> <span class='ocrx_word' id='word_1_216' title='bbox 1107 3767 1393 3857; x_wconf 62' lang='lat' dir='ltr'><strong>boemensibus,</strong></span> 
     </span>
     <span class='ocr_line' id='line_1_30' title="bbox 254 3877 1394 3973; baseline -0.002 -24"><span class='ocrx_word' id='word_1_217' title='bbox 254 3881 308 3949; x_wconf 82' lang='grc' dir='ltr'><strong>καί</strong></span> <span class='ocrx_word' id='word_1_218' title='bbox 327 3885 451 3973; x_wconf 79' lang='grc' dir='ltr'><strong><em>νεκροῖς</em></strong></span> <span class='ocrx_word' id='word_1_219' title='bbox 470 3878 760 3972; x_wconf 74' lang='grc' dir='ltr'><strong><em>γεγεφυρωμένους</em></strong></span> <span class='ocrx_word' id='word_1_220' title='bbox 779 3877 886 3969; x_wconf 79' lang='grc' dir='ltr'><strong>διέβη.</strong></span> <span class='ocrx_word' id='word_1_221' title='bbox 918 3880 991 3962; x_wconf 89' lang='lat' dir='ltr'><strong>Quo</strong></span> <span class='ocrx_word' id='word_1_222' title='bbox 1014 3880 1087 3946; x_wconf 92' lang='lat' dir='ltr'><strong>loco</strong></span> <span class='ocrx_word' id='word_1_223' title='bbox 1105 3880 1248 3946; x_wconf 84' lang='lat' dir='ltr'><strong>firmatus</strong></span> <span class='ocrx_word' id='word_1_224' title='bbox 1264 3882 1394 3947; x_wconf 88' lang='lat' dir='ltr'><strong>Grono-</strong></span> 
     </span>
     <span class='ocr_line' id='line_1_31' title="bbox 254 3974 1396 4066; baseline -0.007 -13"><span class='ocrx_word' id='word_1_225' title='bbox 254 3990 323 4054; x_wconf 80' lang='lat' dir='ltr'><strong>vius</strong></span> <span class='ocrx_word' id='word_1_226' title='bbox 338 4010 445 4054; x_wconf 83' lang='lat' dir='ltr'><strong>reram</strong></span> <span class='ocrx_word' id='word_1_227' title='bbox 461 3988 603 4054; x_wconf 79' lang='lat' dir='ltr'><strong>reddidit</strong></span> <span class='ocrx_word' id='word_1_228' title='bbox 622 3988 803 4053; x_wconf 79' lang='lat' dir='ltr'><strong>Ptolemaeo</strong></span> <span class='ocrx_word' id='word_1_229' title='bbox 821 3985 1029 4066; x_wconf 85' lang='lat' dir='ltr'><strong>senteutiam,</strong></span> <span class='ocrx_word' id='word_1_230' title='bbox 1047 3977 1125 4059; x_wconf 73' lang='grc' dir='ltr'><strong><em>τούς</em></strong></span> <span class='ocrx_word' id='word_1_231' title='bbox 1137 3974 1396 4059; x_wconf 77' lang='grc' dir='ltr'><strong>διώκονταςΔοι..</strong></span> 
     </span>
     <span class='ocr_line' id='line_1_32' title="bbox 255 4079 1393 4182; baseline -0.003 -24"><span class='ocrx_word' id='word_1_232' title='bbox 255 4079 1393 4182; x_wconf 51' lang='lat' dir='ltr'><strong>osseusbledooyytwrs&#39;nffoaleaotonoedeovmouv</strong></span> 
     </span>
     <span class='ocr_line' id='line_1_33' title="bbox 255 4182 1392 4286; baseline -0.003 -26"><span class='ocrx_word' id='word_1_233' title='bbox 255 4197 404 4285; x_wconf 77' lang='grc' dir='ltr'><strong>διαβῆναι</strong></span> <span class='ocrx_word' id='word_1_234' title='bbox 412 4190 472 4286; x_wconf 73' lang='grc' dir='ltr'><strong>τήν</strong></span> <span class='ocrx_word' id='word_1_235' title='bbox 484 4186 683 4286; x_wconf 72' lang='grc' dir='ltr'><strong>φάραγγα.</strong></span> <span class='ocrx_word' id='word_1_236' title='bbox 705 4195 914 4264; x_wconf 74' lang='lat' dir='ltr'><strong>scribebatur</strong></span> <span class='ocrx_word' id='word_1_237' title='bbox 924 4183 1171 4282; x_wconf 66' lang='lat' dir='ltr'><strong>enim-odloyye</strong></span> <span class='ocrx_word' id='word_1_238' title='bbox 1181 4204 1213 4258; x_wconf 90' lang='lat' dir='ltr'><strong>et</strong></span> <span class='ocrx_word' id='word_1_239' title='bbox 1228 4182 1392 4279; x_wconf 75' lang='grc' dir='ltr'><strong>φάίαμμοι</strong></span> 
     </span>
     <span class='ocr_line' id='line_1_34' title="bbox 259 4298 1392 4388; baseline 0 -20"><span class='ocrx_word' id='word_1_240' title='bbox 259 4301 330 4368; x_wconf 79' lang='lat' dir='ltr'><strong>vio.</strong></span> <span class='ocrx_word' id='word_1_241' title='bbox 350 4302 420 4387; x_wconf 87' lang='lat' dir='ltr'><strong>ejus</strong></span> <span class='ocrx_word' id='word_1_242' title='bbox 438 4314 471 4367; x_wconf 83' lang='lat' dir='ltr'><strong>et</strong></span> <span class='ocrx_word' id='word_1_243' title='bbox 489 4300 641 4368; x_wconf 84' lang='lat' dir='ltr'><strong>Ellendtii</strong></span> <span class='ocrx_word' id='word_1_244' title='bbox 658 4300 701 4368; x_wconf 82' lang='lat' dir='ltr'><strong>ad</strong></span> <span class='ocrx_word' id='word_1_245' title='bbox 722 4301 756 4371; x_wconf 91' lang='lat' dir='ltr'><strong>h.</strong></span> <span class='ocrx_word' id='word_1_246' title='bbox 776 4302 803 4388; x_wconf 78' lang='grc'><strong>1.·</strong></span> <span class='ocrx_word' id='word_1_247' title='bbox 822 4312 932 4370; x_wconf 77' lang='lat' dir='ltr'><strong>annot.</strong></span> <span class='ocrx_word' id='word_1_248' title='bbox 954 4304 1073 4386; x_wconf 74' lang='lat' dir='ltr'><strong>¹Quem</strong></span> <span class='ocrx_word' id='word_1_249' title='bbox 1090 4298 1392 4368; x_wconf 77' lang='lat' dir='ltr'><strong>veroPtolemaeus</strong></span> 
     </span>
     <span class='ocr_line' id='line_1_35' title="bbox 256 4401 1393 4490; baseline 0.004 -20"><span class='ocrx_word' id='word_1_250' title='bbox 256 4410 417 4473; x_wconf 88' lang='lat' dir='ltr'><strong>recensuit</strong></span> <span class='ocrx_word' id='word_1_251' title='bbox 444 4427 609 4474; x_wconf 86' lang='lat' dir='ltr'><strong>caesorum</strong></span> <span class='ocrx_word' id='word_1_252' title='bbox 638 4429 823 4490; x_wconf 87' lang='lat' dir='ltr'><strong>numerum,</strong></span> <span class='ocrx_word' id='word_1_253' title='bbox 851 4431 870 4475; x_wconf 88' lang='lat' dir='ltr'><strong>a</strong></span> <span class='ocrx_word' id='word_1_254' title='bbox 899 4406 1072 4476; x_wconf 85' lang='lat' dir='ltr'><strong>Plutarcho</strong></span> <span class='ocrx_word' id='word_1_255' title='bbox 1097 4405 1175 4477; x_wconf 73' lang='lat' dir='ltr'><strong>Ver.</strong></span> <span class='ocrx_word' id='word_1_256' title='bbox 1202 4401 1302 4474; x_wconf 68' lang='lat' dir='ltr'><strong>Ales.</strong></span> <span class='ocrx_word' id='word_1_257' title='bbox 1327 4403 1393 4474; x_wconf 74' lang='lat' dir='ltr'><strong>XX</strong></span> 
     </span>
     <span class='ocr_line' id='line_1_36' title="bbox 256 4499 1393 4602; baseline -0.003 -25"><span class='ocrx_word' id='word_1_258' title='bbox 256 4514 391 4599; x_wconf 69' lang='lat' dir='ltr'><strong>integris</strong></span> <span class='ocrx_word' id='word_1_259' title='bbox 413 4514 526 4582; x_wconf 86' lang='lat' dir='ltr'><strong>decem</strong></span> <span class='ocrx_word' id='word_1_260' title='bbox 550 4499 695 4582; x_wconf 83' lang='lat' dir='ltr'><strong>millibus</strong></span> <span class='ocrx_word' id='word_1_261' title='bbox 715 4527 865 4596; x_wconf 85' lang='lat' dir='ltr'><strong>auctum,</strong></span> <span class='ocrx_word' id='word_1_262' title='bbox 886 4515 928 4582; x_wconf 86' lang='lat' dir='ltr'><strong>de</strong></span> <span class='ocrx_word' id='word_1_263' title='bbox 957 4512 1094 4602; x_wconf 85' lang='lat' dir='ltr'><strong>ecquid</strong></span> <span class='ocrx_word' id='word_1_264' title='bbox 1114 4509 1393 4595; x_wconf 78' lang='lat' dir='ltr'><strong>judicandumsit</strong></span> 
     </span>
     <span class='ocr_line' id='line_1_37' title="bbox 256 4618 1392 4712; baseline -0.001 -27"><span class='ocrx_word' id='word_1_265' title='bbox 256 4621 353 4706; x_wconf 74' lang='lat' dir='ltr'><strong>sopra</strong></span> <span class='ocrx_word' id='word_1_266' title='bbox 372 4642 406 4705; x_wconf 86' lang='lat' dir='ltr'><strong>p.</strong></span> <span class='ocrx_word' id='word_1_267' title='bbox 420 4622 461 4686; x_wconf 83' lang='grc'><strong>15</strong></span> <span class='ocrx_word' id='word_1_268' title='bbox 473 4619 578 4688; x_wconf 83' lang='lat' dir='ltr'><strong>verbis</strong></span> <span class='ocrx_word' id='word_1_269' title='bbox 596 4618 750 4711; x_wconf 77' lang='lat' dir='ltr'><strong>Droyooni</strong></span> <span class='ocrx_word' id='word_1_270' title='bbox 772 4622 922 4711; x_wconf 79' lang='lat' dir='ltr'><strong>indicari.</strong></span> <span class='ocrx_word' id='word_1_271' title='bbox 948 4622 1056 4709; x_wconf 72' lang='lat' dir='ltr'><strong>Longe</strong></span> <span class='ocrx_word' id='word_1_272' title='bbox 1074 4618 1267 4712; x_wconf 76' lang='lat' dir='ltr'><strong>moderatius</strong></span> <span class='ocrx_word' id='word_1_273' title='bbox 1283 4630 1392 4700; x_wconf 68' lang='lat' dir='ltr'><strong>euersis</strong></span> 
     </span>
    </p>
   </div>
   <div class='ocr_carea' id='block_1_6' title="bbox 0 0 1654 5600">
    <p class='ocr_par' dir='ltr' id='par_1_7' title="bbox 0 0 1654 5600">
     <span class='ocr_line' id='line_1_38' title="bbox 0 0 1654 5600; baseline 0 0"><span class='ocrx_word' id='word_1_274' title='bbox 0 0 1654 5600; x_wconf 95' lang='lat' dir='ltr'><strong> </strong></span> 
     </span>
    </p>
   </div>
  </div>
 </body>
</html>
