3300 5600
746 546 757 579 Ι

792 610 834 672 93

229 786 387 870 pserint,
420 803 483 849 non
512 799 683 866 assequor·;
708 778 907 845 sod-Arriani
937 781 1125 847 anctoritate
1147 779 1372 847 Curtium'non

229 892 378 957 munitio
398 880 631 955 emendandum
649 906 735 966 esse,
757 897 926 971 procerte
944 884 1078 966 habeam
1098 909 1105 950 :
1128 886 1169 950 ah
1187 886 1272 967 illius
1290 889 1373 951 enim
1459 891 1465 901 “

227 988 391 1060 turribus
401 986 469 1060 Jhic-
483 990 547 1057 non
567 991 734 1078 pependit.
750 1014 753 1043 ÷
769 992 855 1063 Nolo
879 992 1029 1078 persequi
1051 993 1188 1075 leviora,
1204 991 1245 1056 in·
1260 993 1373 1079 qnihns

228 1096 400 1167 Arrianus
417 1120 491 1166 cnm
502 1099 612 1165 Curtio
628 1110 767 1184 pugnat;
789 1097 894 1162 solurn
910 1097 1041 1177 notabo,
1059 1099 1145 1183 apud
1163 1098 1251 1163 hunc
1266 1099 1373 1182 conjn-

227 1200 402 1272 rationem
423 1213 488 1271 non
508 1228 528 1270 a
555 1205 735 1270 Ptolemaeo
755 1205 839 1290 Regi
858 1191 1018 1284 indicari,
1043 1205 1101 1268 sed
1118 1206 1159 1268 ab
1177 1204 1371 1291 Eurylocho,

227 1310 419 1378 comitante
435 1312 614 1398 ¹llpimene,
646 1310 702 1397 qui
722 1311 791 1396 ipse
814 1308 943 1373 insidias
974 1311 1079 1375 statim
1107 1311 1199 1374 fratri
1219 1312 1373 1396 aperuisse
1466 1299 1473 1313 Ἰ

226 1410 378 1501 dieitur,
393 1410 455 1484 hec
474 1438 548 1482 vero
564 1438 623 1503 per
643 1416 834 1482 Chariclem.
858 1417 961 1502 Negat
979 1415 1106 1481 tandem
1125 1416 1270 1495 Curtius,
1291 1415 1372 1503 quod

226 1514 305 1589 llic
321 1526 353 1589 in
372 1525 483 1611 primis
504 1526 538 1589 in
564 1544 694 1587 censum
717 1523 821 1602 venit,
840 1521 1064 1588 Callisthenem
1083 1545 1102 1586 a
1129 1521 1300 1605 conjuratis
1318 1542 1373 1586 no·

225 1624 403 1696 minatum
421 1624 708 1696 esse'insidiarnm·
726 1628 776 1693 vel
806 1628 931 1693 socium
956 1629 1006 1693 rel
1035 1650 1214 1708 suasorem,
1237 1626 1372 1714 adstipu-

218 1725 335 1801 lanu
353 1728 528 1803 Plutarcho
550 1734 626 1803 Via.
651 1733 750 1801 Alea.
770 1732 853 1803 LV:
881 1743 912 1800 T
908 1734 953 1800 civ
967 1731 1046 1822 cepi
1066 1722 1235 1821 Ἑρμόλαον
1256 1721 1369 1811 οὐδεὶς,

224 1836 326 1914 οὐδὲ
346 1842 402 1916 dod
418 1848 477 1938 τῆς
498 1839 634 1934 ἐσχάτης
646 1838 796 1936 ἀνάγκης,
818 1847 880 1912 rori
892 1844 1137 1921 Καλλισθένους
1151 1848 1304 1911 κατεῖπον.
1326 1846 1369 1913 Cl.

225 1941 376 2022 Arriae.
396 1956 419 2023 l.
440 1956 463 2022 l.
484 1954 685 2022 Contrarium
705 1952 791 2039 quod
820 1951 1018 2018 contendunt
1040 1952 1241 2016 Ptolemaeus
1262 1963 1293 2014 et
1307 1951 1371 2016 Ari·

227 2058 416 2143 ⁸tubulus,
442 2082 479 2126 eo
502 2063 602 2148 magis
621 2061 754 2124 fortasse
766 2059 876 2124 honae
898 2057 1070 2124 Alexandri
1086 2058 1189 2122 lamae
1211 2078 1305 2144 quarn
1323 2078 1370 2122 ve·

226 2155 527 2255 ¹'itrrticonsulere
545 2167 593 2231 illi
612 2164 818 2234 studuerunt.
842 2163 927 2236 Vide
949 2186 1044 2250 supra
1060 2186 1093 2250 p.
1113 2166 1166 2229 14.
1187 2164 1368 2228 Refutantur

226 2274 324 2336 Vero
345 2274 476 2360 egregie
492 2273 666 2339 Alexandri
683 2273 783 2358 ipsius
805 2271 929 2351 verbis,
953 2294 972 2337 a
990 2267 1161 2335 Plutarcho
1181 2268 1205 2334 l.
1229 2267 1253 2335 l.
1277 2287 1368 2368 serva·

226 2374 319 2450 fis:
343 2377 561 2472 Ἀλέξανδρος
583 2375 694 2468 οὗτός,
717 2387 844 2473 inquit,
869 2378 972 2461 εὐθυς
991 2381 1152 2471 Κρατερῷ
1172 2370 1306 2470 γράφων
1319 2383 1369 2449 nod

229 2469 402 2581 'Auito
415 2494 478 2570 ‚ael
498 2487 653 2582 Ἀλαέτᾳ,
675 2496 761 2586 φησὶ
780 2490 858 2573 code
878 2498 1001 2570 παῖδας
1015 2491 1286 2578 βασανιζομένους
1303 2481 1368 2574 ipo.

232 2593 366 2696 Ᾱογιῖν,
378 2600 424 2683 ὠς
438 2598 647 2675 αι’νιοὶσαῦνα
659 2599 831 2699 πράξειαν,
851 2602 971 2684 ἄλλος
986 2599 1156 2681 δὀὐδεὶς
1170 2603 1365 2694 συνειδιίη.

238 2705 340 2795 Quae
358 2724 520 2801 postrema
542 2712 685 2785 indicant
714 2727 837 2795 tamen,
864 2738 961 2803 quam
983 2725 1148 2801 suspectus
1175 2711 1365 2787 Callisthenes

242 2810 324 2888 inte
344 2820 496 2887 ahinitie
515 2821 600 2908 Regi
622 2822 733 2892 luerit.
756 2824 797 2888 Et
817 2844 890 2887 vero
910 2843 1011 2909 quum
1027 2822 1102 2887 satis
1120 2840 1281 2906 superque
1302 2838 1363 2890 ton-

248 2935 328 3008 ster,
353 2926 514 3012 ambiguis
544 2928 661 3013 partim
682 2928 795 3008 dictis,
823 2930 940 3014 partim
971 2928 1130 3005 consiliis,
1157 2924 1363 3002 Callisthenem

179 3063 180 3092 ι
252 3018 385 3101 fervidos
405 3045 437 3097 et
453 3034 586 3119 agitatos
610 3033 763 3118 juvenum
784 3036 903 3100 animos
921 3035 1021 3122 magis
1041 3034 1135 3098 etiarn
1160 3044 1269 3098 contra
1285 3030 1362 3098 tta-

179 3095 182 3170 l
252 3140 386 3207 andrum
408 3161 623 3225 exasperasse,
648 3153 745 3228 atque
767 3143 813 3208 ita
840 3141 880 3207 ad
899 3142 1022 3213 lacinus
1035 3138 1362 3226 *quodmeditarertrr

252 3244 620 3334 inflammasselhrrian.
639 3249 698 3316 tv.
722 3251 776 3315 14.
803 3251 841 3327 23
863 3246 1027 3313 Plutarch.
1049 3247 1072 3320 l.
1090 3248 1125 3326 l.;
1149 3246 1238 3321 Cart.
1256 3245 1361 3318 truta

249 3351 334 3441 tq.);.
350 3352 619 3440 mirum'quidem
640 3376 705 3419 non
726 3356 785 3434 sit,
803 3354 1039 3433 Alexandrum,
1060 3351 1227 3417 fastidiosis
1241 3350 1362 3437 philec-

247 3460 307 3547 phi
322 3459 466 3523 morihus
482 3470 514 3522 et
528 3461 711 3544 importuna
728 3484 822 3549 saepe
837 3461 1021 3527 austeritate
1037 3441 1209 3537 offensum,
1222 3458 1290 3541 jam
1302 3477 1362 3548 on-

245 3568 341 3633 tinne
366 3565 441 3629 mali
465 3564 545 3653 qnid
568 3566 794 3647 subodorassc,
818 3580 850 3633 et
868 3566 1037 3632 Hermolao
1058 3564 1244 3630 insidiarum
1265 3561 1361 3647 depe-

245 3674 366 3752 henso,
389 3672 576 3758 magistrum
594 3673 689 3737 simul
705 3686 738 3738 ct
747 3675 936 3739 familiarem
955 3670 1179 3765 Callisthenem
1196 3669 1324 3736 crimini
1333 3670 1360 3734 si

230 3799 314 3845 ¹non
332 3800 494 3842 suasorem
521 3790 554 3842 et
580 3792 761 3858 auctorem,
786 3782 960 3846 atrocium
985 3790 1073 3843 certe
1097 3777 1278 3843 credidisse.
1311 3775 1359 3844 ho

241 3877 375 3948 videtur
394 3884 573 3949 Alexander
590 3886 708 3971 cupide
725 3874 895 3972 arripuisse
915 3887 1186 3971 opportunitatem
1204 3880 1360 3948 mulctadi

242 3988 396 4055 odiosum
413 3990 473 4074 ipsi
494 3991 617 4070 virum,
645 3991 738 4057 aulae
760 4004 792 4057 et
814 3992 1042 4058 assentantium
1066 3991 1195 4077 ingenio
1214 3988 1361 4074 haudqu-

228 4116 350 4183 -quam
372 4095 658 4164 accommodatum.
690 4098 749 4167 eff.
775 4098 920 4163 Stahrius
947 4091 1097 4162 Aristot.
1124 4096 1359 4182 1.p.122.sq.

226 4200 483 4289 -et'llroysenus
510 4203 533 4269 l.
561 4203 586 4269 l.
606 4226 638 4288 p.
664 4208 750 4284 357,
776 4206 1013 4290 vituperatusa
1033 4203 1214 4282 Muetzellio
1233 4200 1274 4265 ad
1292 4201 1359 4267 Cnt.

223 4333 291 4397 -p..
301 4310 380 4375 tot.
406 4311 528 4398 'ltaque
544 4312 691 4397 protinus
707 4324 821 4396 aperto
835 4311 996 4377 Hermolai
1013 4308 1147 4376 consilio.
1156 4305 1360 4374 Callisthenen

230 4418 288 4482 ἰἰι
308 4436 471 4481 carcerem
490 4418 641 4501 conjecit.
680 4418 824 4504 Degehat
847 4430 915 4483 tum
940 4415 1119 4483 Alexander
1139 4415 1174 4479 in
1197 4413 1362 4482 Bactriano

246 4521 335 4588 urhe
355 4524 500 4604 Cariata,
524 4536 561 4589 nt
586 4525 674 4589 testis
700 4533 747 4587 est
766 4524 881 4589 Strabo
899 4524 946 4588 xl
961 4546 994 4610 p.
1017 4524 1081 4588 787
1105 4522 1150 4600 B,
1176 4521 1233 4607 qui
1257 4527 1363 4606 praetr

241 4628 313 4693 alia
332 4627 414 4686 tenc
438 4630 540 4692 multa
558 4632 691 4696 lortmse
710 4628 891 4693 ctiamhoc
912 4652 948 4694 ex
967 4628 1169 4706 Aristobulo,
1192 4647 1287 4713 quem
1310 4646 1361 4694 mx
