3300 5600
857 598 896 659 14

310 778 480 867 putaverit.
520 773 621 860 Atqui
640 771 740 857 probe
762 768 842 833 ridit
859 767 963 846 idem,
988 764 1113 854 Regem
1134 770 1251 853 ipsum
1271 769 1393 858 fuisse
1413 780 1445 837 st

309 886 372 950 diu
389 895 470 972 post
495 877 731 945 Alaeandrum
751 877 950 960 seripss'sss,
974 872 1117 959 quamvis
1135 895 1269 961 magna,
1293 899 1359 943 non
1380 889 1444 944 tam

309 992 400 1056 firma
420 1001 528 1061 tamen
544 985 724 1049 Ptolemaeo
743 979 902 1067 praesidia
923 979 1096 1058 exstitisse,
1121 981 1219 1067 quin,
1244 1002 1443 1070 quacunque

307 1095 436 1162 tandem
461 1092 502 1158 de
522 1113 634 1169 eausa,
669 1112 687 1153 a
720 1109 796 1152 vero
825 1087 951 1172 saepius
981 1085 1175 1164 aberrasset,
1207 1107 1440 1175 nonnunquam

308 1203 404 1279 etiarn
433 1201 460 1264 si
488 1219 552 1263 non
586 1197 672 1273 irae,
704 1203 737 1257 at
766 1191 871 1258 studio
906 1201 993 1256 certe
1016 1191 1201 1277 gratiaeque
1230 1193 1438 1261 inseruisset.

307 1310 374 1373 Nec
390 1307 514 1384 omnia,
533 1302 664 1391 quaein
683 1299 858 1365 Ptolemaei
869 1298 958 1363 libris
977 1297 1122 1383 legebat,
1142 1296 1295 1363 Arrianus
1307 1321 1368 1385 pro
1388 1321 1440 1365 re·

307 1415 351 1478 ris
377 1413 510 1498 recepit.
541 1411 677 1474 Tantum
700 1405 814 1470 habuit
841 1406 936 1470 illum
963 1404 1077 1469 ceteris
1101 1403 1275 1469 Alexandri
1301 1406 1439 1492 scripto-

308 1521 396 1585 ribus
415 1505 607 1602 πιστότερον
619 1509 654 1585 ἐς
668 1501 725 1598 τὴν
742 1498 913 1597 ἀφήγησιν.
936 1510 1040 1592 Quam
1061 1530 1190 1574 causam
1210 1531 1277 1574 esso
1295 1510 1441 1577 declarat

307 1649 378 1707 cur,
388 1623 512 1711 quoties
524 1616 698 1685 Ptolemaei
709 1627 741 1680 et
749 1614 926 1681 Aristobulr
942 1615 1123 1681 testimonia
1136 1637 1199 1680 non
1209 1629 1438 1736 congruerent,

307 1756 362 1798 ex
373 1732 529 1797 alterutro
558 1724 733 1810 deligeret,
758 1743 841 1808 quae
869 1722 1063 1788 existimaret
1088 1721 1156 1807 ipse
1184 1710 1367 1811 πιστότερα
1388 1719 1440 1788 rrcl

306 1828 375 1920 ἅμα
395 1818 725 1920 αξιαφηγητότιραῑ).
759 1828 836 1893 IIihi
860 1829 961 1915 igitur
988 1826 1257 1907 Sanctoerucius,
1282 1839 1319 1892 ut
1337 1827 1373 1891 in
1390 1849 1439 1892 ro-

305 1941 402 2028 liquis
421 1938 489 2002 lere
510 1935 656 2002 omnibus
677 1934 744 2018 ejus
768 1934 1005 2020 argumentatio
1028 1955 1143 2020 parum
1162 1933 1288 2018 placet,
1309 1932 1358 1997 ita
1379 1932 1436 1999 boe

305 2045 433 2112 nomine
457 2041 631 2107 Ptolemaei
646 2039 750 2118 ¹iidem
776 2051 864 2104 reete
891 2040 1035 2126 culpasse
1063 2039 1211 2120 ridetur,
1235 2037 1325 2126 quod
1346 2040 1438 2106 illum

249 2205 253 2213 ,
304 2149 478 2219 Alexandri
505 2149 625 2235 gloriae
648 2147 737 2231 justo
766 2147 868 2233 magis
895 2147 1092 2212 consuluisse
1121 2156 1228 2212 censet
1255 2141 1297 2231 ²).
1342 2145 1437 2231 Cujus

304 2261 351 2324 r'ei
371 2258 435 2322 duo
462 2255 541 2320 milri
561 2263 737 2340 suppetunt
762 2265 962 2340 argumenta.
995 2253 1143 2320 Alterum
1164 2251 1304 2318 narratio
1325 2263 1373 2316 est
1400 2250 1436 2318 de

304 2362 496 2433 Callisthene
526 2359 737 2447 philosopho,
772 2380 887 2445 quem,
910 2360 1043 2447 reliquis
1072 2359 1283 2446 scriptoribus
1311 2350 1436 2447 prae'ter

305 2452 525 2538 aristobulum
558 2465 684 2545 inritis,
721 2464 922 2531 Ptolemaeus
960 2466 1087 2551 scripsit
1116 2488 1135 2530 a
1170 2462 1345 2548 conjuratis
1376 2485 1436 2530 non

305 2577 426 2642 socium
453 2572 594 2638 oriminis
619 2571 836 2651 nominatum,
851 2571 917 2636 'sed
948 2594 1109 2639 suasorem
1142 2593 1180 2636 ac
1210 2571 1433 2657 impulsorem,

306 2706 370 2771 qno
397 2682 522 2746 scilieet
555 2688 661 2743 tantae
697 2677 894 2742 crudelitatis
922 2678 1064 2764 aliquam
1094 2687 1222 2765 pararet
1256 2676 1436 2743 Alexandro

305 2789 540 2856 excusationem
559 2783 596 2874 3).
628 2785 776 2852 Alterum
802 2796 1028 2873 argumentum
1047 2787 1081 2851 in
1099 2785 1211 2853 fabula
1229 2784 1371 2871 positum
1391 2785 1434 2850 'est

304 2898 344 2963 de
368 2871 579 2975 draconibus,
604 2894 686 2959 riam
715 2892 750 2958 in
767 2892 853 2958 loris
874 2893 1037 2958 Ammonis
1058 2892 1227 2959 oraculum
1255 2902 1434 2958 monstran-

304 3064 508 3089 ῌ.

338 3166 365 3233 1)
382 3168 497 3217 Probem.
515 3162 541 3216 1.
576 3164 667 3227 Itaque
691 3179 745 3214 non
763 3164 846 3214 ubivis
872 3166 993 3215 Arrianus
1008 3164 1101 3214 horum
1125 3164 1278 3228 scriptorum
1297 3163 1434 3216 dissensum

303 3254 414 3317 notarit,
432 3253 501 3319 quod
528 3251 604 3301 etiam
628 3254 699 3315 patet
725 3266 740 3300 e
766 3253 916 3302 recensione
934 3253 1064 3317 copiarum
1084 3249 1236 3315 Alexandri,
1259 3266 1336 3315 quam
1361 3252 1434 3301 tacite

302 3340 477 3390 cPtoIemaeo
495 3340 587 3388 hausit.
611 3338 668 3388 Vld;
689 3338 787 3400 Fragm.
806 3339 849 3388 IV.
875 3339 966 3388 Contra
983 3339 1013 3389 V.
1037 3336 1080 3388 14.
1099 3337 1115 3384 5
1136 3338 1243 3400 (Irngm.
1257 3334 1368 3402 xvsti,
1393 3337 1435 3387 ubi

302 3428 437 3492 exponitur
450 3426 482 3475 de
499 3426 596 3491 proelio
609 3440 668 3474 cum
684 3424 739 3474 Iilio
756 3424 814 3473 Pori
829 3425 908 3488 milo,
925 3425 1048 3474 Arrianus
1063 3424 1158 3472 diserte
1173 3428 1261 3472 monet
1279 3439 1320 3487 se,
1336 3425 1436 3488 postha-

302 3514 355 3563 bita
372 3512 511 3563 Aristobuli
526 3511 576 3560 tide
594 3512 701 3578 (Vragm.
717 3507 840 3573 xxm),
859 3511 996 3560 Ptolemaei
1016 3510 1176 3578 traditionem
1190 3509 1324 3574 amplecti,
1342 3512 1435 3576 quippe

302 3598 437 3649 scribentis
461 3613 526 3662 quae
544 3598 647 3645 ridisset
664 3597 719 3661 ipse
739 3613 898 3660 quorumque
925 3614 982 3663 pure
1003 3613 1120 3659 magna
1119 3597 1209 3645 suisset
1233 3597 1261 3661 (l.
1284 3595 1302 3645 l.
1327 3593 1369 3646 13.
1392 3596 1435 3659 1.).

302 3686 395 3735 ranem
418 3685 450 3734 de
475 3700 550 3732 causa
574 3681 683 3734 111.30
707 3681 723 3730 5
746 3683 807 3732 fidei
834 3683 973 3734 Aristobuli
997 3686 1104 3752 (Fragm.
1124 3681 1188 3745 XX.)
1217 3682 1248 3731 de
1267 3689 1342 3747 oapto
1362 3683 1436 3734 Besso

301 3772 428 3822 narrantis
441 3772 583 3836 praefertur
602 3770 740 3819 auotoritas
751 3770 889 3819 Ptolemaei
907 3772 1013 3837 (Fragm.
1029 3766 1106 3860 IIII..)
1130 3769 1184 3817 lluo
1205 3768 1309 3817 sortasse
1326 3771 1438 3819 releren-

301 3858 350 3907 dus
367 3858 439 3907 loeus
461 3857 493 3906 de
515 3849 665 3921 Scytharum
688 3857 780 3923 oppido
807 3863 950 3927 expugnato
970 3859 1013 3907 1v.
1031 3833 1066 3904 8.
1078 3855 1110 3921 5,
1129 3872 1179 3919 qua
1198 3855 1229 3904 de
1251 3872 1277 3904 re
1295 3856 1370 3905 aliter
1388 3862 1437 3906 tra-

301 3945 365 3994 didit
379 3944 540 3993 Ptolemaeus
560 3946 666 4009 (Vragm
682 3942 773 4008 XIII),
792 3944 867 3993 aliter
886 3942 1046 3994 Aristobulns
1059 3943 1165 4010 (Vragm.
1182 3937 1280 4003 XXII.)

335 4030 362 4095 2)
381 4034 473 4080 Erum.
492 4031 551 4078 crit.
568 4046 594 4094 p.
610 4027 652 4079 44.

312 4115 362 4179 3)
378 4118 476 4181 Fragm
492 4117 558 4165 XIV.
579 4117 616 4166 CI.
633 4120 720 4166 annot.
738 4116 769 4165 ad
785 4115 896 4167 ArIstob.
914 4116 1012 4178 Fragm.
1030 4117 1131 4167 XXVII.
1151 4115 1260 4165 Eandem
1277 4130 1331 4164 rem
1348 4116 1439 4179 tetigit

301 4195 413 4280 Stahrius
427 4204 537 4253 Aristar·
556 4204 568 4250 I
587 4220 612 4268 p.
633 4200 706 4252 128.
727 4201 807 4251 «Nur
821 4202 869 4251 dos
885 4201 1007 4264 Straton,
1033 4202 1204 4252 Aleaonder’r
1227 4203 1298 4251 Ebre
1323 4218 1369 4249 vor
1391 4200 1437 4250 der

301 4270 439 4340 Nocliwelt
454 4306 488 4337 zu
505 4295 601 4352 retten,
620 4290 710 4337 bonate
736 4289 784 4337 den
808 4289 946 4338 Aristobul
960 4271 1013 4339 uod
1029 4290 1175 4339 Ptolomeus
1197 4304 1248 4336 aar
1268 4287 1438 4367 Erdiclrttsng

302 4374 348 4424 der
357 4377 464 4443 Aagohs
475 4377 614 4442 'besoegerr,
624 4376 686 4424 does
702 4376 754 4424 alls
766 4378 1012 4426 Mitvorsclrsoorrrsn
1021 4377 1069 4426 dan
1084 4376 1264 4425 Kallistlraraes
1280 4363 1322 4422 uls
1334 4375 1438 4438 Haupt-

302 4464 424 4520 munster
439 4463 484 4511 das
499 4463 649 4520 Mordplorrs
661 4463 808 4528 argegoben
819 4464 937 4514 Mittam»
963 4465 1089 4527 Itemque,
1105 4468 1135 4511 ut
1149 4462 1187 4510 ait
1202 4461 1303 4508 Curtius
1321 4461 1390 4508 VIII.
1410 4460 1436 4511 8.

301 4547 358 4598 2²:
378 4548 496 4598 «Nullius
516 4549 607 4598 caeder
628 4550 748 4599 maiorem
766 4552 835 4616 apud
856 4552 965 4603 Graecos
982 4550 1125 4603 Alexandro
1144 4547 1264 4598 excitavit
1283 4545 1434 4595 invidiam.»

301 4636 338 4685 ct.
351 4636 447 4685 Seneca
462 4636 525 4687 Nat.
543 4635 659 4694 anestt.
672 4636 717 4685 VI.
734 4632 776 4686 28.
