<?xml version="1.0" encoding="UTF-8"?>
<!DOCTYPE html PUBLIC "-//W3C//DTD XHTML 1.0 Transitional//EN"
    "http://www.w3.org/TR/xhtml1/DTD/xhtml1-transitional.dtd">
<html xmlns="http://www.w3.org/1999/xhtml" xml:lang="en" lang="en">
 <head>
  <title>
</title>
<meta http-equiv="Content-Type" content="text/html;charset=utf-8" />
  <meta name='ocr-system' content='tesseract 3.04.00' />
  <meta name='ocr-capabilities' content='ocr_page ocr_carea ocr_par ocr_line ocrx_word'/>
</head>
<body>
  <div class='ocr_page' id='page_1' title='image "./ptolemaeieordae00ptolgoog/ptolemaeieordae00ptolgoog_0126.png"; bbox 0 0 3300 5600; ppageno 0'>
   <div class='ocr_carea' id='block_1_1' title="bbox 826 555 938 663">
    <p class='ocr_par' dir='ltr' id='par_1_1' title="bbox 826 555 938 663">
     <span class='ocr_line' id='line_1_1' title="bbox 826 555 938 663; baseline 0.009 -2"><span class='ocrx_word' id='word_1_1' title='bbox 826 601 888 663; x_wconf 90' lang='lat'><strong><em>100</em></strong></span> <span class='ocrx_word' id='word_1_2' title='bbox 936 555 938 563; x_wconf 16' lang='lat' dir='ltr'><strong><em>J</em></strong></span> 
     </span>
    </p>
   </div>
   <div class='ocr_carea' id='block_1_2' title="bbox 208 759 1471 4602">
    <p class='ocr_par' dir='ltr' id='par_1_2' title="bbox 219 759 1461 2706">
     <span class='ocr_line' id='line_1_2' title="bbox 285 759 1461 861; baseline -0.003 -22"><span class='ocrx_word' id='word_1_3' title='bbox 285 764 416 839; x_wconf 85' lang='grc' dir='ltr'><strong><em>σάδων·’</em></strong></span> <span class='ocrx_word' id='word_1_4' title='bbox 427 762 510 853; x_wconf 80' lang='grc' dir='ltr'><strong><em>μετά</em></strong></span> <span class='ocrx_word' id='word_1_5' title='bbox 531 768 567 836; x_wconf 81' lang='grc' dir='ltr'><strong><em>δὲ</em></strong></span> <span class='ocrx_word' id='word_1_6' title='bbox 590 762 716 850; x_wconf 82' lang='grc' dir='ltr'><strong><em>δυσμάς</em></strong></span> <span class='ocrx_word' id='word_1_7' title='bbox 736 761 911 857; x_wconf 78' lang='grc' dir='ltr'><strong><em>Πληϊάδων</em></strong></span> <span class='ocrx_word' id='word_1_8' title='bbox 929 768 984 835; x_wconf 83' lang='grc' dir='ltr'><strong><em>καὶ</em></strong></span> <span class='ocrx_word' id='word_1_9' title='bbox 1007 759 1247 858; x_wconf 77' lang='grc' dir='ltr'><strong><em>διατριψάντων</em></strong></span> <span class='ocrx_word' id='word_1_10' title='bbox 1268 762 1348 836; x_wconf 81' lang='grc' dir='ltr'><strong><em>κατά</em></strong></span> <span class='ocrx_word' id='word_1_11' title='bbox 1361 761 1461 861; x_wconf 58' lang='grc' dir='ltr'><strong><em>τνὶιν</em></strong></span> 
     </span>
     <span class='ocr_line' id='line_1_3' title="bbox 281 861 1457 964; baseline 0.002 -24"><span class='ocrx_word' id='word_1_12' title='bbox 281 869 421 964; x_wconf 69' lang='grc' dir='ltr'><strong><em>ὀρεινήν,</em></strong></span> <span class='ocrx_word' id='word_1_13' title='bbox 449 869 483 939; x_wconf 75' lang='grc' dir='ltr'><strong><em>ἔν</em></strong></span> <span class='ocrx_word' id='word_1_14' title='bbox 510 894 547 937; x_wconf 87' lang='grc' dir='ltr'><strong><em>τε</em></strong></span> <span class='ocrx_word' id='word_1_15' title='bbox 567 871 609 960; x_wconf 81' lang='grc' dir='ltr'><strong><em>τῇ</em></strong></span> <span class='ocrx_word' id='word_1_16' title='bbox 630 861 810 938; x_wconf 83' lang='grc' dir='ltr'><strong><em>Ἰππασίων</em></strong></span> <span class='ocrx_word' id='word_1_17' title='bbox 830 871 884 937; x_wconf 84' lang='grc' dir='ltr'><strong><em>καὶ</em></strong></span> <span class='ocrx_word' id='word_1_18' title='bbox 905 873 947 960; x_wconf 82' lang='grc' dir='ltr'><strong><em>τῇ</em></strong></span> <span class='ocrx_word' id='word_1_19' title='bbox 966 871 1178 940; x_wconf 76' lang='grc' dir='ltr'><strong><em>Μουσικανοῦ</em></strong></span> <span class='ocrx_word' id='word_1_20' title='bbox 1198 871 1254 960; x_wconf 76' lang='grc' dir='ltr'><strong><em>γῇ,</em></strong></span> <span class='ocrx_word' id='word_1_21' title='bbox 1276 865 1331 939; x_wconf 88' lang='grc' dir='ltr'><strong><em>τδν</em></strong></span> <span class='ocrx_word' id='word_1_22' title='bbox 1352 895 1457 957; x_wconf 68' lang='grc' dir='ltr'><strong><em>χει..</em></strong></span> 
     </span>
     <span class='ocr_line' id='line_1_4' title="bbox 283 964 1457 1099; baseline 0.003 -57"><span class='ocrx_word' id='word_1_23' title='bbox 283 979 387 1060; x_wconf 83' lang='grc' dir='ltr'><strong><em>μοῖνα·</em></strong></span> <span class='ocrx_word' id='word_1_24' title='bbox 413 976 474 1044; x_wconf 83' lang='grc' dir='ltr'><strong><em>τοῦ</em></strong></span> <span class='ocrx_word' id='word_1_25' title='bbox 500 968 574 1041; x_wconf 76' lang='grc' dir='ltr'><strong><em>δ”</em></strong></span> <span class='ocrx_word' id='word_1_26' title='bbox 559 969 657 1062; x_wconf 83' lang='grc' dir='ltr'><strong><em>εἀρος</em></strong></span> <span class='ocrx_word' id='word_1_27' title='bbox 685 964 880 1063; x_wconf 78' lang='grc' dir='ltr'><strong><em>άρχομένου,</em></strong></span> <span class='ocrx_word' id='word_1_28' title='bbox 902 965 1166 1099; x_wconf 69' lang='grc' dir='ltr'><strong><em>καταβεβηκότων</em></strong></span> <span class='ocrx_word' id='word_1_29' title='bbox 1188 973 1236 1050; x_wconf 82' lang='grc' dir='ltr'><strong><em>εἰς</em></strong></span> <span class='ocrx_word' id='word_1_30' title='bbox 1257 1000 1299 1054; x_wconf 83' lang='grc' dir='ltr'><strong><em>τᾳ</em></strong></span> <span class='ocrx_word' id='word_1_31' title='bbox 1288 968 1457 1046; x_wconf 75' lang='grc' dir='ltr'><strong><em>πεδία</em></strong></span> 
     </span>
     <span class='ocr_line' id='line_1_5' title="bbox 282 1067 1454 1170; baseline 0.003 -25"><span class='ocrx_word' id='word_1_32' title='bbox 282 1105 337 1146; x_wconf 88' lang='grc' dir='ltr'><strong><em>και</em></strong></span> <span class='ocrx_word' id='word_1_33' title='bbox 326 1071 453 1148; x_wconf 86' lang='grc' dir='ltr'><strong><em>πάλιν</em></strong></span> <span class='ocrx_word' id='word_1_34' title='bbox 478 1067 598 1157; x_wconf 82' lang='grc' dir='ltr'><strong><em>Τάξιλα</em></strong></span> <span class='ocrx_word' id='word_1_35' title='bbox 620 1069 796 1165; x_wconf 74' lang='grc' dir='ltr'><strong><em>εὐμεγέθη,</em></strong></span> <span class='ocrx_word' id='word_1_36' title='bbox 815 1075 965 1145; x_wconf 76' lang='grc' dir='ltr'><strong><em>τντευθεν</em></strong></span> <span class='ocrx_word' id='word_1_37' title='bbox 986 1071 1055 1144; x_wconf 94' lang='grc' dir='ltr'><strong><em>δ</em></strong></span> <span class='ocrx_word' id='word_1_38' title='bbox 1037 1077 1093 1144; x_wconf 78' lang='lat' dir='ltr'><strong>arri</strong></span> <span class='ocrx_word' id='word_1_39' title='bbox 1112 1068 1272 1165; x_wconf 78' lang='grc' dir='ltr'><strong><em>Ὑδάσπην</em></strong></span> <span class='ocrx_word' id='word_1_40' title='bbox 1291 1076 1345 1144; x_wconf 84' lang='grc' dir='ltr'><strong><em>καὶ</em></strong></span> <span class='ocrx_word' id='word_1_41' title='bbox 1361 1075 1454 1170; x_wconf 64' lang='grc' dir='ltr'><strong><em>τὴν</em></strong></span> 
     </span>
     <span class='ocr_line' id='line_1_6' title="bbox 219 1116 1453 1271; baseline -0.002 -21"><span class='ocrx_word' id='word_1_42' title='bbox 219 1266 221 1269; x_wconf 16' lang='lat'>¹</span> <span class='ocrx_word' id='word_1_43' title='bbox 282 1173 407 1271; x_wconf 83' lang='grc' dir='ltr'><strong><em>Πάρου</em></strong></span> <span class='ocrx_word' id='word_1_44' title='bbox 433 1171 550 1269; x_wconf 82' lang='grc' dir='ltr'><strong><em>χώραν.</em></strong></span> <span class='ocrx_word' id='word_1_45' title='bbox 582 1178 650 1246; x_wconf 86' lang='grc' dir='ltr'><strong><em>Τοῦ</em></strong></span> <span class='ocrx_word' id='word_1_46' title='bbox 675 1178 733 1263; x_wconf 83' lang='grc' dir='ltr'><strong><em>μὲν</em></strong></span> <span class='ocrx_word' id='word_1_47' title='bbox 760 1168 816 1246; x_wconf 84' lang='grc' dir='ltr'><strong><em>οὖν</em></strong></span> <span class='ocrx_word' id='word_1_48' title='bbox 842 1183 997 1265; x_wconf 80' lang='grc' dir='ltr'><strong><em>χειμῶνος</em></strong></span> <span class='ocrx_word' id='word_1_49' title='bbox 1023 1175 1114 1270; x_wconf 77' lang='grc' dir='ltr'><strong><em>ὕδωρ</em></strong></span> <span class='ocrx_word' id='word_1_50' title='bbox 1145 1171 1203 1246; x_wconf 74' lang='grc' dir='ltr'><strong><em>οὐκ</em></strong></span> <span class='ocrx_word' id='word_1_51' title='bbox 1224 1116 1315 1262; x_wconf 84' lang='grc' dir='ltr'><strong><em>ἰδεῖν,</em></strong></span> <span class='ocrx_word' id='word_1_52' title='bbox 1336 1173 1453 1248; x_wconf 74' lang='grc' dir='ltr'><strong><em>άλλά</em></strong></span> 
     </span>
     <span class='ocr_line' id='line_1_7' title="bbox 282 1273 1452 1402; baseline -0.001 -50"><span class='ocrx_word' id='word_1_53' title='bbox 282 1277 392 1371; x_wconf 86' lang='grc' dir='ltr'><strong><em>χιόνας</em></strong></span> <span class='ocrx_word' id='word_1_54' title='bbox 418 1273 522 1367; x_wconf 84' lang='grc' dir='ltr'><strong><em>μόνω,</em></strong></span> <span class='ocrx_word' id='word_1_55' title='bbox 550 1279 582 1348; x_wconf 80' lang='grc' dir='ltr'><strong><em>ἐν</em></strong></span> <span class='ocrx_word' id='word_1_56' title='bbox 596 1279 634 1347; x_wconf 84' lang='grc' dir='ltr'><strong><em>δὲ</em></strong></span> <span class='ocrx_word' id='word_1_57' title='bbox 648 1284 718 1357; x_wconf 86' lang='grc' dir='ltr'><strong><em>τοῖς</em></strong></span> <span class='ocrx_word' id='word_1_58' title='bbox 739 1280 890 1362; x_wconf 84' lang='grc' dir='ltr'><strong><em>Ταξίλοις</em></strong></span> <span class='ocrx_word' id='word_1_59' title='bbox 907 1282 1039 1402; x_wconf 78' lang='grc' dir='ltr'><strong><em>πρῶτον</em></strong></span> <span class='ocrx_word' id='word_1_60' title='bbox 1054 1274 1207 1372; x_wconf 76' lang='grc' dir='ltr'><strong><em>ὑσθῆναι.</em></strong></span> <span class='ocrx_word' id='word_1_61' title='bbox 1223 1281 1291 1350; x_wconf 78' lang='grc' dir='ltr'><strong><em>Καὶ</em></strong></span> <span class='ocrx_word' id='word_1_62' title='bbox 1306 1278 1452 1372; x_wconf 80' lang='lat' dir='ltr'><strong>e’rretd6</strong></span> 
     </span>
     <span class='ocr_line' id='line_1_8' title="bbox 282 1374 1452 1503; baseline -0.002 -51"><span class='ocrx_word' id='word_1_63' title='bbox 282 1384 496 1470; x_wconf 80' lang='grc' dir='ltr'><strong><em>καταβάσιν’</em></strong></span> <span class='ocrx_word' id='word_1_64' title='bbox 478 1385 535 1453; x_wconf 79' lang='grc' dir='ltr'><strong><em>επὶ</em></strong></span> <span class='ocrx_word' id='word_1_65' title='bbox 553 1377 609 1503; x_wconf 69' lang='grc' dir='ltr'><strong><em>τάν</em></strong></span> <span class='ocrx_word' id='word_1_66' title='bbox 627 1374 787 1472; x_wconf 88' lang='grc' dir='ltr'><strong><em>Ὑδάσπην</em></strong></span> <span class='ocrx_word' id='word_1_67' title='bbox 812 1383 866 1450; x_wconf 84' lang='grc' dir='ltr'><strong><em>καί</em></strong></span> <span class='ocrx_word' id='word_1_68' title='bbox 887 1376 1033 1474; x_wconf 74' lang='grc' dir='ltr'><strong><em>νικήσασι</em></strong></span> <span class='ocrx_word' id='word_1_69' title='bbox 1052 1378 1109 1452; x_wconf 86' lang='grc' dir='ltr'><strong><em>τδν</em></strong></span> <span class='ocrx_word' id='word_1_70' title='bbox 1129 1386 1261 1475; x_wconf 76' lang='grc' dir='ltr'><strong><em>Πῶρον,</em></strong></span> <span class='ocrx_word' id='word_1_71' title='bbox 1284 1378 1360 1462; x_wconf 86' lang='lat'>6663</span> <span class='ocrx_word' id='word_1_72' title='bbox 1394 1410 1452 1474; x_wconf 71' lang='lat'><strong><em>²6</em></strong></span> 
     </span>
     <span class='ocr_line' id='line_1_9' title="bbox 222 1478 1450 1578; baseline -0.004 -21"><span class='ocrx_word' id='word_1_73' title='bbox 222 1490 224 1498; x_wconf 83' lang='lat'>&#39;</span> <span class='ocrx_word' id='word_1_74' title='bbox 282 1483 368 1578; x_wconf 85' lang='grc' dir='ltr'><strong><em>πρδς</em></strong></span> <span class='ocrx_word' id='word_1_75' title='bbox 397 1489 489 1558; x_wconf 67' lang='grc' dir='ltr'><strong><em>ἔνι’</em></strong></span> <span class='ocrx_word' id='word_1_76' title='bbox 472 1487 529 1556; x_wconf 72' lang='grc' dir='ltr'><strong><em>επὶ</em></strong></span> <span class='ocrx_word' id='word_1_77' title='bbox 552 1480 609 1554; x_wconf 83' lang='grc' dir='ltr'><strong><em>τάν</em></strong></span> <span class='ocrx_word' id='word_1_78' title='bbox 626 1480 766 1564; x_wconf 76' lang='grc' dir='ltr'><strong><em>Ὕπανιν,</em></strong></span> <span class='ocrx_word' id='word_1_79' title='bbox 792 1478 943 1574; x_wconf 73' lang='grc' dir='ltr'><strong><em>κρίκεῒθεν</em></strong></span> <span class='ocrx_word' id='word_1_80' title='bbox 968 1486 1025 1567; x_wconf 80' lang='grc' dir='ltr'><strong><em>ἐπί</em></strong></span> <span class='ocrx_word' id='word_1_81' title='bbox 1051 1481 1107 1555; x_wconf 87' lang='grc' dir='ltr'><strong><em>τδν</em></strong></span> <span class='ocrx_word' id='word_1_82' title='bbox 1133 1480 1292 1578; x_wconf 80' lang='grc' dir='ltr'><strong><em>Ὑδάσπην</em></strong></span> <span class='ocrx_word' id='word_1_83' title='bbox 1312 1478 1450 1566; x_wconf 81' lang='grc' dir='ltr'><strong><em>πάλιν,</em></strong></span> 
     </span>
     <span class='ocr_line' id='line_1_10' title="bbox 281 1581 1450 1691; baseline -0.003 -33"><span class='ocrx_word' id='word_1_84' title='bbox 281 1586 403 1660; x_wconf 77' lang='grc' dir='ltr'><strong><em>ὕεσθαι</em></strong></span> <span class='ocrx_word' id='word_1_85' title='bbox 432 1591 588 1676; x_wconf 79' lang='grc' dir='ltr'><strong><em>συνεχῶς,</em></strong></span> <span class='ocrx_word' id='word_1_86' title='bbox 617 1589 672 1654; x_wconf 84' lang='grc' dir='ltr'><strong><em>καὶ</em></strong></span> <span class='ocrx_word' id='word_1_87' title='bbox 695 1581 837 1673; x_wconf 89' lang='grc' dir='ltr'><strong><em>μάλιστα</em></strong></span> <span class='ocrx_word' id='word_1_88' title='bbox 862 1594 932 1666; x_wconf 86' lang='grc' dir='ltr'><strong><em>τοῖς</em></strong></span> <span class='ocrx_word' id='word_1_89' title='bbox 959 1588 1115 1691; x_wconf 78' lang='grc' dir='ltr'><strong><em>ἐτησίαις·</em></strong></span> <span class='ocrx_word' id='word_1_90' title='bbox 1143 1589 1362 1667; x_wconf 78' lang='grc' dir='ltr'><strong><em>ἐπιτείλαπος</em></strong></span> <span class='ocrx_word' id='word_1_91' title='bbox 1404 1586 1450 1654; x_wconf 62' lang='lat' dir='ltr'><strong><em>dt</em></strong></span> 
     </span>
     <span class='ocr_line' id='line_1_11' title="bbox 281 1680 1451 1785; baseline 0 -25"><span class='ocrx_word' id='word_1_92' title='bbox 281 1692 373 1762; x_wconf 84' lang='lat' dir='ltr'>ro6&#39;</span> <span class='ocrx_word' id='word_1_93' title='bbox 363 1684 572 1820; x_wconf 83' lang='grc' dir='ltr'><strong><em>Αρκτοάρρυ,</em></strong></span> <span class='ocrx_word' id='word_1_94' title='bbox 599 1689 752 1778; x_wconf 76' lang='grc' dir='ltr'><strong><em>γενέσθαι</em></strong></span> <span class='ocrx_word' id='word_1_95' title='bbox 779 1693 921 1761; x_wconf 83' lang='grc' dir='ltr'><strong><em>παῦλαν.</em></strong></span> <span class='ocrx_word' id='word_1_96' title='bbox 935 1680 1182 1784; x_wconf 77' lang='grc' dir='ltr'><strong><em>Διάτρίψοντας</em></strong></span> <span class='ocrx_word' id='word_1_97' title='bbox 1204 1693 1242 1762; x_wconf 82' lang='grc' dir='ltr'><strong><em>δὲ</em></strong></span> <span class='ocrx_word' id='word_1_98' title='bbox 1263 1694 1342 1785; x_wconf 85' lang='grc' dir='ltr'><strong><em>περὶ</em></strong></span> <span class='ocrx_word' id='word_1_99' title='bbox 1360 1683 1451 1778; x_wconf 58' lang='lat'><strong><em>526</em></strong></span> 
     </span>
     <span class='ocr_line' id='line_1_12' title="bbox 281 1784 1450 1916; baseline -0.003 -52"><span class='ocrx_word' id='word_1_100' title='bbox 281 1796 459 1916; x_wconf 75' lang='grc' dir='ltr'><strong><em>ναυπηγίαν</em></strong></span> <span class='ocrx_word' id='word_1_101' title='bbox 480 1794 536 1861; x_wconf 82' lang='grc' dir='ltr'><strong><em>ἐπὶ</em></strong></span> <span class='ocrx_word' id='word_1_102' title='bbox 555 1819 602 1879; x_wconf 83' lang='grc' dir='ltr'><strong><em>τῳ</em></strong></span> <span class='ocrx_word' id='word_1_103' title='bbox 590 1784 783 1883; x_wconf 79' lang='grc' dir='ltr'><strong><em>Ὑδάσπῃ,</em></strong></span> <span class='ocrx_word' id='word_1_104' title='bbox 805 1795 859 1860; x_wconf 86' lang='grc' dir='ltr'><strong><em>καί</em></strong></span> <span class='ocrx_word' id='word_1_105' title='bbox 880 1796 972 1862; x_wconf 83' lang='grc' dir='ltr'><strong><em>πλεῖν</em></strong></span> <span class='ocrx_word' id='word_1_106' title='bbox 993 1787 1193 1885; x_wconf 72' lang='grc' dir='ltr'><strong><em>ἀρξαμένους</em></strong></span> <span class='ocrx_word' id='word_1_107' title='bbox 1210 1819 1279 1888; x_wconf 90' lang='grc' dir='ltr'><strong><em>προ</em></strong></span> <span class='ocrx_word' id='word_1_108' title='bbox 1270 1788 1450 1866; x_wconf 77' lang='grc' dir='ltr'><strong><em>δάσεοις</em></strong></span> 
     </span>
     <span class='ocr_line' id='line_1_13' title="bbox 282 1888 1449 2018; baseline -0.005 -52"><span class='ocrx_word' id='word_1_109' title='bbox 282 1891 450 1988; x_wconf 76' lang='grc' dir='ltr'><strong><em>Πληιάδας</em></strong></span> <span class='ocrx_word' id='word_1_110' title='bbox 476 1892 516 1964; x_wconf 84' lang='lat' dir='ltr'><strong>ori</strong></span> <span class='ocrx_word' id='word_1_111' title='bbox 542 1896 680 1973; x_wconf 87' lang='grc' dir='ltr'><strong><em>πολλαῖς</em></strong></span> <span class='ocrx_word' id='word_1_112' title='bbox 704 1888 855 1987; x_wconf 78' lang='grc' dir='ltr'><strong><em>ἡμέραις,</em></strong></span> <span class='ocrx_word' id='word_1_113' title='bbox 882 1898 937 1966; x_wconf 86' lang='grc' dir='ltr'><strong><em>καὶ</em></strong></span> <span class='ocrx_word' id='word_1_114' title='bbox 963 1891 1001 2018; x_wconf 67' lang='grc' dir='ltr'><strong><em>τά</em></strong></span> <span class='ocrx_word' id='word_1_115' title='bbox 1028 1891 1248 1991; x_wconf 75' lang='grc' dir='ltr'><strong><em>φθινόπωρον</em></strong></span> <span class='ocrx_word' id='word_1_116' title='bbox 1275 1902 1340 1968; x_wconf 83' lang='grc' dir='ltr'><strong><em>πᾶν</em></strong></span> <span class='ocrx_word' id='word_1_117' title='bbox 1362 1894 1449 1964; x_wconf 71' lang='grc' dir='ltr'><strong><em>καὶ</em></strong></span> 
     </span>
     <span class='ocr_line' id='line_1_14' title="bbox 282 1992 1449 2092; baseline -0.001 -25"><span class='ocrx_word' id='word_1_118' title='bbox 282 1996 338 2070; x_wconf 83' lang='grc' dir='ltr'><strong><em>τάν</em></strong></span> <span class='ocrx_word' id='word_1_119' title='bbox 363 2001 504 2086; x_wconf 77' lang='grc' dir='ltr'><strong><em>χειμῶνα</em></strong></span> <span class='ocrx_word' id='word_1_120' title='bbox 529 1998 583 2065; x_wconf 84' lang='grc' dir='ltr'><strong><em>καί</em></strong></span> <span class='ocrx_word' id='word_1_121' title='bbox 608 1992 647 2066; x_wconf 83' lang='grc' dir='ltr'><strong><em>τά</em></strong></span> <span class='ocrx_word' id='word_1_122' title='bbox 672 1994 764 2066; x_wconf 80' lang='grc' dir='ltr'><strong><em>ἕπιδν</em></strong></span> <span class='ocrx_word' id='word_1_123' title='bbox 790 1995 849 2091; x_wconf 76' lang='grc' dir='ltr'><strong><em>ἔαρ</em></strong></span> <span class='ocrx_word' id='word_1_124' title='bbox 876 2001 930 2068; x_wconf 80' lang='grc' dir='ltr'><strong><em>καὶ</em></strong></span> <span class='ocrx_word' id='word_1_125' title='bbox 955 1995 994 2069; x_wconf 88' lang='grc' dir='ltr'><strong><em>τδ</em></strong></span> <span class='ocrx_word' id='word_1_126' title='bbox 1021 2000 1164 2092; x_wconf 81' lang='grc' dir='ltr'><strong><em>θέρος’</em></strong></span> <span class='ocrx_word' id='word_1_127' title='bbox 1146 2027 1178 2069; x_wconf 78' lang='grc' dir='ltr'><strong><em>εν</em></strong></span> <span class='ocrx_word' id='word_1_128' title='bbox 1198 2028 1245 2089; x_wconf 80' lang='grc' dir='ltr'><strong><em>τῳ</em></strong></span> <span class='ocrx_word' id='word_1_129' title='bbox 1231 1995 1449 2080; x_wconf 75' lang='grc' dir='ltr'><strong><em>’κατάπλῳ</em></strong></span> 
     </span>
     <span class='ocr_line' id='line_1_15' title="bbox 283 2095 1449 2195; baseline -0.001 -23"><span class='ocrx_word' id='word_1_130' title='bbox 283 2100 610 2194; x_wconf 76' lang='grc' dir='ltr'><strong><em>πραγματευθέντας,</em></strong></span> <span class='ocrx_word' id='word_1_131' title='bbox 633 2099 793 2168; x_wconf 78' lang='grc' dir='ltr'><strong><em>ἐλθεῖν’</em></strong></span> <span class='ocrx_word' id='word_1_132' title='bbox 762 2125 810 2178; x_wconf 85' lang='grc' dir='ltr'><strong><em>εις</em></strong></span> <span class='ocrx_word' id='word_1_133' title='bbox 831 2129 887 2192; x_wconf 89' lang='grc' dir='ltr'><strong><em>την</em></strong></span> <span class='ocrx_word' id='word_1_134' title='bbox 905 2095 1114 2195; x_wconf 76' lang='grc' dir='ltr'><strong><em>Πατταληνην</em></strong></span> <span class='ocrx_word' id='word_1_135' title='bbox 1134 2105 1215 2195; x_wconf 83' lang='grc' dir='ltr'><strong><em>περὶ</em></strong></span> <span class='ocrx_word' id='word_1_136' title='bbox 1230 2101 1336 2182; x_wconf 86' lang='grc' dir='ltr'><strong><em>Κυνδς</em></strong></span> <span class='ocrx_word' id='word_1_137' title='bbox 1349 2103 1449 2172; x_wconf 69' lang='grc' dir='ltr'><strong><em>ἐστι·</em></strong></span> 
     </span>
     <span class='ocr_line' id='line_1_16' title="bbox 282 2196 1450 2327; baseline 0.001 -54"><span class='ocrx_word' id='word_1_138' title='bbox 282 2200 386 2327; x_wconf 74' lang='grc' dir='ltr'><strong><em>τολην.</em></strong></span> <span class='ocrx_word' id='word_1_139' title='bbox 412 2205 499 2276; x_wconf 77' lang='grc' dir='ltr'><strong><em>Δίκα</em></strong></span> <span class='ocrx_word' id='word_1_140' title='bbox 523 2205 581 2289; x_wconf 83' lang='grc' dir='ltr'><strong><em>μὲν</em></strong></span> <span class='ocrx_word' id='word_1_141' title='bbox 607 2199 648 2295; x_wconf 84' lang='lat'><strong><em>66</em></strong></span> <span class='ocrx_word' id='word_1_142' title='bbox 675 2208 735 2273; x_wconf 89' lang='grc' dir='ltr'><strong><em>τοῦ</em></strong></span> <span class='ocrx_word' id='word_1_143' title='bbox 759 2196 927 2274; x_wconf 79' lang='grc' dir='ltr'><strong><em>κατάπλου</em></strong></span> <span class='ocrx_word' id='word_1_144' title='bbox 953 2206 1107 2294; x_wconf 73' lang='grc' dir='ltr'><strong><em>γενέσθαι</em></strong></span> <span class='ocrx_word' id='word_1_145' title='bbox 1122 2209 1251 2299; x_wconf 85' lang='grc' dir='ltr'><strong><em>μῆνας,</em></strong></span> <span class='ocrx_word' id='word_1_146' title='bbox 1274 2200 1398 2293; x_wconf 74' lang='grc' dir='ltr'><strong><em>οὐδοιι</em></strong></span> <span class='ocrx_word' id='word_1_147' title='bbox 1406 2199 1450 2268; x_wconf 66' lang='grc' dir='ltr'><strong><em>αὖ</em></strong></span> 
     </span>
     <span class='ocr_line' id='line_1_17' title="bbox 283 2298 1450 2399; baseline 0 -22"><span class='ocrx_word' id='word_1_148' title='bbox 283 2305 313 2377; x_wconf 92' lang='grc' dir='ltr'><strong><em>δ</em></strong></span> <span class='ocrx_word' id='word_1_149' title='bbox 337 2305 438 2377; x_wconf 80' lang='grc' dir='ltr'><strong><em>ὑετῶν</em></strong></span> <span class='ocrx_word' id='word_1_150' title='bbox 464 2305 663 2388; x_wconf 75' lang='grc' dir='ltr'><strong><em>αἰσθέσθαι,</em></strong></span> <span class='ocrx_word' id='word_1_151' title='bbox 695 2298 803 2374; x_wconf 65' lang='grc' dir='ltr'><strong><em>οάδΠ</em></strong></span> <span class='ocrx_word' id='word_1_152' title='bbox 789 2300 845 2374; x_wconf 87' lang='grc' dir='ltr'><strong><em>άτε</em></strong></span> <span class='ocrx_word' id='word_1_153' title='bbox 875 2301 1062 2399; x_wconf 77' lang='grc' dir='ltr'><strong><em>ἕπὴκμασαν</em></strong></span> <span class='ocrx_word' id='word_1_154' title='bbox 1083 2334 1116 2378; x_wconf 93' lang='grc' dir='ltr'><strong><em>οι</em></strong></span> <span class='ocrx_word' id='word_1_155' title='bbox 1105 2309 1278 2399; x_wconf 69' lang='grc' dir='ltr'><strong><em>“τ’τησίαι·</em></strong></span> <span class='ocrx_word' id='word_1_156' title='bbox 1299 2313 1361 2377; x_wconf 83' lang='grc' dir='ltr'><strong><em>τῶν</em></strong></span> <span class='ocrx_word' id='word_1_157' title='bbox 1418 2300 1450 2368; x_wconf 64' lang='grc' dir='ltr'><strong><em>δὲ</em></strong></span> 
     </span>
     <span class='ocr_line' id='line_1_18' title="bbox 283 2394 1451 2503; baseline 0.002 -24"><span class='ocrx_word' id='word_1_158' title='bbox 283 2413 467 2497; x_wconf 82' lang='grc' dir='ltr'><strong><em>ποταμῶν</em></strong></span> <span class='ocrx_word' id='word_1_159' title='bbox 459 2409 698 2500; x_wconf 78' lang='grc' dir='ltr'><strong><em>πληρουμένων,</em></strong></span> <span class='ocrx_word' id='word_1_160' title='bbox 721 2434 762 2475; x_wconf 88' lang='grc' dir='ltr'><strong><em>τα</em></strong></span> <span class='ocrx_word' id='word_1_161' title='bbox 752 2394 882 2477; x_wconf 81' lang='grc' dir='ltr'><strong><em>πεδία</em></strong></span> <span class='ocrx_word' id='word_1_162' title='bbox 903 2403 1099 2493; x_wconf 81' lang='grc' dir='ltr'><strong><em>κλάζεοθαι·</em></strong></span> <span class='ocrx_word' id='word_1_163' title='bbox 1120 2409 1177 2503; x_wconf 82' lang='lat' dir='ltr'><strong><em>r6v</em></strong></span> <span class='ocrx_word' id='word_1_164' title='bbox 1198 2414 1236 2481; x_wconf 83' lang='grc' dir='ltr'><strong><em>δὲ</em></strong></span> <span class='ocrx_word' id='word_1_165' title='bbox 1255 2406 1451 2481; x_wconf 65' lang='grc' dir='ltr'><strong><em>θάλατιτῖδν</em></strong></span> 
     </span>
     <span class='ocr_line' id='line_1_19' title="bbox 284 2504 1450 2608; baseline 0.001 -27"><span class='ocrx_word' id='word_1_166' title='bbox 284 2508 410 2582; x_wconf 82' lang='grc' dir='ltr'><strong><em>άπλονν</em></strong></span> <span class='ocrx_word' id='word_1_167' title='bbox 438 2506 531 2596; x_wconf 83' lang='grc' dir='ltr'><strong><em>εἶναι,</em></strong></span> <span class='ocrx_word' id='word_1_168' title='bbox 559 2513 623 2578; x_wconf 81' lang='grc' dir='ltr'><strong><em>τῶν</em></strong></span> <span class='ocrx_word' id='word_1_169' title='bbox 648 2504 772 2595; x_wconf 82' lang='grc' dir='ltr'><strong><em>άνέμων</em></strong></span> <span class='ocrx_word' id='word_1_170' title='bbox 796 2506 1033 2595; x_wconf 84' lang='grc' dir='ltr'><strong><em>άντιπνεάντων,</em></strong></span> <span class='ocrx_word' id='word_1_171' title='bbox 1061 2509 1128 2583; x_wconf 87' lang='grc' dir='ltr'><strong><em>άπδ</em></strong></span> <span class='ocrx_word' id='word_1_172' title='bbox 1148 2516 1243 2604; x_wconf 76' lang='grc' dir='ltr'><strong><em>γαίας</em></strong></span> <span class='ocrx_word' id='word_1_173' title='bbox 1265 2517 1303 2585; x_wconf 80' lang='grc' dir='ltr'><strong><em>δὲ</em></strong></span> <span class='ocrx_word' id='word_1_174' title='bbox 1322 2511 1450 2608; x_wconf 66' lang='grc' dir='ltr'><strong><em>μηδε-</em></strong></span> 
     </span>
     <span class='ocr_line' id='line_1_20' title="bbox 284 2615 721 2706; baseline -0.009 -21"><span class='ocrx_word' id='word_1_175' title='bbox 284 2618 362 2701; x_wconf 82' lang='grc' dir='ltr'><strong><em>μιᾶς</em></strong></span> <span class='ocrx_word' id='word_1_176' title='bbox 382 2618 484 2706; x_wconf 82' lang='grc' dir='ltr'><strong><em>πνοῆς</em></strong></span> <span class='ocrx_word' id='word_1_177' title='bbox 505 2615 721 2704; x_wconf 78' lang='grc' dir='ltr'><strong><em>ἐκδεξαμένης.</em></strong></span> 
     </span>
    </p>

    <p class='ocr_par' dir='ltr' id='par_1_3' title="bbox 208 2714 1471 4602">
     <span class='ocr_line' id='line_1_21' title="bbox 330 2714 1447 2809; baseline -0.001 -20"><span class='ocrx_word' id='word_1_178' title='bbox 330 2724 505 2790; x_wconf 76' lang='lat' dir='ltr'><strong>Aristobuli</strong></span> <span class='ocrx_word' id='word_1_179' title='bbox 530 2725 735 2802; x_wconf 84' lang='lat' dir='ltr'><strong>seutentiam,</strong></span> <span class='ocrx_word' id='word_1_180' title='bbox 763 2714 808 2809; x_wconf 75' lang='grc' dir='ltr'><em>μή</em></span> <span class='ocrx_word' id='word_1_181' title='bbox 833 2715 955 2790; x_wconf 70' lang='grc' dir='ltr'><strong><em>δίεσθαι</em></strong></span> <span class='ocrx_word' id='word_1_182' title='bbox 978 2717 1019 2788; x_wconf 84' lang='grc' dir='ltr'><strong><em>τά</em></strong></span> <span class='ocrx_word' id='word_1_183' title='bbox 1045 2723 1161 2807; x_wconf 83' lang='grc' dir='ltr'><strong><em>πεδία,</em></strong></span> <span class='ocrx_word' id='word_1_184' title='bbox 1189 2729 1285 2793; x_wconf 89' lang='lat' dir='ltr'><strong>iterat</strong></span> <span class='ocrx_word' id='word_1_185' title='bbox 1307 2727 1447 2794; x_wconf 76' lang='lat' dir='ltr'><strong>iisdem</strong></span> 
     </span>
     <span class='ocr_line' id='line_1_22' title="bbox 285 2830 1446 2915; baseline 0.003 -21"><span class='ocrx_word' id='word_1_186' title='bbox 285 2833 389 2897; x_wconf 83' lang='lat' dir='ltr'><strong>verbis</strong></span> <span class='ocrx_word' id='word_1_187' title='bbox 416 2831 531 2897; x_wconf 86' lang='lat' dir='ltr'><strong>Strabo</strong></span> <span class='ocrx_word' id='word_1_188' title='bbox 553 2831 577 2897; x_wconf 90' lang='lat' dir='ltr'><strong><em>l.</em></strong></span> <span class='ocrx_word' id='word_1_189' title='bbox 604 2830 628 2898; x_wconf 88' lang='lat' dir='ltr'><strong><em>l.</em></strong></span> <span class='ocrx_word' id='word_1_190' title='bbox 658 2854 692 2915; x_wconf 88' lang='lat' dir='ltr'><strong><em>p.</em></strong></span> <span class='ocrx_word' id='word_1_191' title='bbox 722 2832 807 2895; x_wconf 88' lang='grc'><strong>1019</strong></span> <span class='ocrx_word' id='word_1_192' title='bbox 827 2830 870 2908; x_wconf 74' lang='lat' dir='ltr'><strong><em>A,</em></strong></span> <span class='ocrx_word' id='word_1_193' title='bbox 895 2831 949 2895; x_wconf 87' lang='lat' dir='ltr'><strong><em>sed</em></strong></span> <span class='ocrx_word' id='word_1_194' title='bbox 977 2834 1213 2900; x_wconf 80' lang='lat' dir='ltr'><strong>circumscribit</strong></span> <span class='ocrx_word' id='word_1_195' title='bbox 1239 2832 1446 2901; x_wconf 77' lang='lat' dir='ltr'><strong>accuratius</strong></span> 
     </span>
     <span class='ocr_line' id='line_1_23' title="bbox 285 2925 1445 3026; baseline 0.002 -25"><span class='ocrx_word' id='word_1_196' title='bbox 285 2964 318 3025; x_wconf 85' lang='lat' dir='ltr'><strong><em>p.</em></strong></span> <span class='ocrx_word' id='word_1_197' title='bbox 352 2941 436 3003; x_wconf 85' lang='grc'><strong>1015</strong></span> <span class='ocrx_word' id='word_1_198' title='bbox 463 2939 488 3003; x_wconf 93' lang='grc' dir='ltr'>Β</span> <span class='ocrx_word' id='word_1_199' title='bbox 514 2938 654 3026; x_wconf 84' lang='lat' dir='ltr'><strong>(Fragm.</strong></span> <span class='ocrx_word' id='word_1_200' title='bbox 681 2933 843 3022; x_wconf 82' lang='lat' dir='ltr'>XXXVI.)</span> <span class='ocrx_word' id='word_1_201' title='bbox 872 2958 879 2999; x_wconf 91' lang='lat'>:</span> <span class='ocrx_word' id='word_1_202' title='bbox 914 2925 1038 3024; x_wconf 67' lang='grc' dir='ltr'><strong><em>Θάτενῆ</em></strong></span> <span class='ocrx_word' id='word_1_203' title='bbox 1062 2937 1187 3025; x_wconf 68' lang='grc' dir='ltr'><strong><em>Θηβαΐς</em></strong></span> <span class='ocrx_word' id='word_1_204' title='bbox 1207 2979 1247 2990; x_wconf 91' lang='grc'><strong>-</strong></span> <span class='ocrx_word' id='word_1_205' title='bbox 1268 2931 1344 3007; x_wconf 78' lang='grc' dir='ltr'><strong><em>οάιε</em></strong></span> <span class='ocrx_word' id='word_1_206' title='bbox 1361 2928 1445 3015; x_wconf 65' lang='grc' dir='ltr'><strong><em>τῆς</em></strong></span> 
     </span>
     <span class='ocr_line' id='line_1_24' title="bbox 284 3032 1440 3146; baseline -0.001 -36.998"><span class='ocrx_word' id='word_1_207' title='bbox 284 3034 408 3146; x_wconf 74' lang='grc' dir='ltr'><strong><em>’[νδικῆς</em></strong></span> <span class='ocrx_word' id='word_1_208' title='bbox 432 3035 474 3107; x_wconf 87' lang='grc' dir='ltr'><strong><em>τά</em></strong></span> <span class='ocrx_word' id='word_1_209' title='bbox 494 3032 562 3107; x_wconf 82' lang='grc' dir='ltr'><strong><em>άπδ</em></strong></span> <span class='ocrx_word' id='word_1_210' title='bbox 576 3040 634 3128; x_wconf 80' lang='grc' dir='ltr'><strong><em>τῆς</em></strong></span> <span class='ocrx_word' id='word_1_211' title='bbox 658 3039 869 3128; x_wconf 82' lang='grc' dir='ltr'><strong><em>Πατταληνῆς</em></strong></span> <span class='ocrx_word' id='word_1_212' title='bbox 851 3037 991 3128; x_wconf 82' lang='grc' dir='ltr'><strong><em>ςμέχρι</em></strong></span> <span class='ocrx_word' id='word_1_213' title='bbox 1012 3064 1071 3107; x_wconf 87' lang='grc' dir='ltr'><strong><em>του</em></strong></span> <span class='ocrx_word' id='word_1_214' title='bbox 1057 3033 1267 3125; x_wconf 82' lang='grc' dir='ltr'><strong><em>Ὑδάσπου,</em></strong></span> <span class='ocrx_word' id='word_1_215' title='bbox 1290 3047 1347 3111; x_wconf 93' lang='lat' dir='ltr'><strong><em>ubi</em></strong></span> <span class='ocrx_word' id='word_1_216' title='bbox 1365 3058 1440 3108; x_wconf 70' lang='lat' dir='ltr'><strong><em>el·</em></strong></span> 
     </span>
     <span class='ocr_line' id='line_1_25' title="bbox 287 3134 1438 3237; baseline 0 -26"><span class='ocrx_word' id='word_1_217' title='bbox 287 3146 366 3211; x_wconf 92' lang='lat' dir='ltr'><strong>cidit</strong></span> <span class='ocrx_word' id='word_1_218' title='bbox 386 3134 639 3232; x_wconf 80' lang='grc' dir='ltr'><strong><em>κατομβροῦται,</em></strong></span> <span class='ocrx_word' id='word_1_219' title='bbox 656 3166 674 3208; x_wconf 94' lang='lat' dir='ltr'><strong>e</strong></span> <span class='ocrx_word' id='word_1_220' title='bbox 693 3145 910 3229; x_wconf 81' lang='lat' dir='ltr'><strong>superioribus</strong></span> <span class='ocrx_word' id='word_1_221' title='bbox 931 3146 1151 3231; x_wconf 87' lang='lat' dir='ltr'><strong>repetendum.</strong></span> <span class='ocrx_word' id='word_1_222' title='bbox 1174 3147 1328 3237; x_wconf 80' lang='lat' dir='ltr'><strong>Sequitur</strong></span> <span class='ocrx_word' id='word_1_223' title='bbox 1346 3142 1438 3218; x_wconf 76' lang='lat' dir='ltr'><strong>tri-</strong></span> 
     </span>
     <span class='ocr_line' id='line_1_26' title="bbox 285 3235 1471 3339; baseline 0.003 -22"><span class='ocrx_word' id='word_1_224' title='bbox 285 3235 460 3317; x_wconf 77' lang='lat' dir='ltr'><strong>stabulum</strong></span> <span class='ocrx_word' id='word_1_225' title='bbox 472 3250 626 3314; x_wconf 80' lang='lat' dir='ltr'><strong>Arrianus</strong></span> <span class='ocrx_word' id='word_1_226' title='bbox 654 3251 711 3319; x_wconf 88' lang='lat' dir='ltr'><strong><em>VI.</em></strong></span> <span class='ocrx_word' id='word_1_227' title='bbox 731 3253 786 3317; x_wconf 84' lang='lat'><strong><em>25.</em></strong></span> <span class='ocrx_word' id='word_1_228' title='bbox 815 3255 852 3332; x_wconf 87' lang='lat'><strong><em>4,</em></strong></span> <span class='ocrx_word' id='word_1_229' title='bbox 880 3274 977 3339; x_wconf 85' lang='lat' dir='ltr'><strong>agens</strong></span> <span class='ocrx_word' id='word_1_230' title='bbox 1005 3251 1045 3317; x_wconf 85' lang='lat' dir='ltr'><strong><em>de</em></strong></span> <span class='ocrx_word' id='word_1_231' title='bbox 1069 3266 1153 3319; x_wconf 87' lang='lat' dir='ltr'><strong>terra</strong></span> <span class='ocrx_word' id='word_1_232' title='bbox 1171 3256 1432 3324; x_wconf 80' lang='lat' dir='ltr'><strong>Gedrosiorum·</strong></span> <span class='ocrx_word' id='word_1_233' title='bbox 1468 3249 1471 3254; x_wconf 42' lang='lat'>⁵</span> 
     </span>
     <span class='ocr_line' id='line_1_27' title="bbox 278 3301 1429 3473; baseline 0.006 -53"><span class='ocrx_word' id='word_1_234' title='bbox 278 3346 424 3421; x_wconf 81' lang='grc' dir='ltr'><strong><em>Ὑεται</em></strong></span> <span class='ocrx_word' id='word_1_235' title='bbox 403 3381 424 3473; x_wconf 83' lang='grc' dir='ltr'><strong><em>η</em></strong></span> <span class='ocrx_word' id='word_1_236' title='bbox 427 3352 644 3442; x_wconf 88' lang='grc' dir='ltr'><strong><em>Γαδρωσίων</em></strong></span> <span class='ocrx_word' id='word_1_237' title='bbox 665 3354 706 3473; x_wconf 75' lang='lat'><strong><em>76</em></strong></span> <span class='ocrx_word' id='word_1_238' title='bbox 724 3347 772 3419; x_wconf 77' lang='grc' dir='ltr'><strong><em>ὑπ</em></strong></span> <span class='ocrx_word' id='word_1_239' title='bbox 772 3301 919 3438; x_wconf 71' lang='grc' dir='ltr'><strong><em>’άνίμων</em></strong></span> <span class='ocrx_word' id='word_1_240' title='bbox 938 3355 1002 3421; x_wconf 77' lang='grc' dir='ltr'><strong><em>τῶν</em></strong></span> <span class='ocrx_word' id='word_1_241' title='bbox 1021 3354 1170 3443; x_wconf 82' lang='grc' dir='ltr'><strong><em>ἐτησίων,</em></strong></span> <span class='ocrx_word' id='word_1_242' title='bbox 1190 3350 1346 3450; x_wconf 89' lang='grc' dir='ltr'><strong><em>καθάπερ</em></strong></span> <span class='ocrx_word' id='word_1_243' title='bbox 1365 3338 1429 3426; x_wconf 63' lang='grc' dir='ltr'><strong><em>οὖν</em></strong></span> 
     </span>
     <span class='ocr_line' id='line_1_28' title="bbox 285 3448 1420 3552; baseline 0.007 -28"><span class='ocrx_word' id='word_1_244' title='bbox 285 3458 340 3524; x_wconf 89' lang='grc' dir='ltr'><strong><em>καὶ</em></strong></span> <span class='ocrx_word' id='word_1_245' title='bbox 360 3485 381 3547; x_wconf 92' lang='grc' dir='ltr'><strong><em>η</em></strong></span> <span class='ocrx_word' id='word_1_246' title='bbox 371 3449 504 3521; x_wconf 78' lang='grc' dir='ltr'><strong><em>Ἰνδῶν</em></strong></span> <span class='ocrx_word' id='word_1_247' title='bbox 528 3456 582 3543; x_wconf 76' lang='grc' dir='ltr'><strong><em>μῆ,</em></strong></span> <span class='ocrx_word' id='word_1_248' title='bbox 605 3448 643 3522; x_wconf 85' lang='lat'><strong><em>06</em></strong></span> <span class='ocrx_word' id='word_1_249' title='bbox 662 3482 705 3523; x_wconf 91' lang='grc' dir='ltr'><strong><em>τα</em></strong></span> <span class='ocrx_word' id='word_1_250' title='bbox 695 3450 828 3523; x_wconf 80' lang='grc' dir='ltr'><strong><em>πεδία</em></strong></span> <span class='ocrx_word' id='word_1_251' title='bbox 848 3456 912 3523; x_wconf 79' lang='grc' dir='ltr'><strong><em>τῶν</em></strong></span> <span class='ocrx_word' id='word_1_252' title='bbox 940 3458 1153 3547; x_wconf 87' lang='grc' dir='ltr'><strong><em>Γαδρωσίων,</em></strong></span> <span class='ocrx_word' id='word_1_253' title='bbox 1184 3452 1327 3527; x_wconf 84' lang='grc' dir='ltr'><strong><em>άλλά</em></strong></span> <span class='ocrx_word' id='word_1_254' title='bbox 1286 3489 1328 3530; x_wconf 89' lang='grc' dir='ltr'><strong><em>τα</em></strong></span> <span class='ocrx_word' id='word_1_255' title='bbox 1349 3454 1420 3552; x_wconf 64' lang='grc' dir='ltr'><strong><em>δρα</em></strong></span> 
     </span>
     <span class='ocr_line' id='line_1_29' title="bbox 285 3561 1416 3652; baseline 0.004 -22"><span class='ocrx_word' id='word_1_256' title='bbox 285 3564 405 3631; x_wconf 84' lang='lat' dir='ltr'><strong>Eadem</strong></span> <span class='ocrx_word' id='word_1_257' title='bbox 423 3561 521 3626; x_wconf 88' lang='lat' dir='ltr'><strong>babet</strong></span> <span class='ocrx_word' id='word_1_258' title='bbox 537 3562 652 3627; x_wconf 88' lang='lat' dir='ltr'><strong>Strabo</strong></span> <span class='ocrx_word' id='word_1_259' title='bbox 670 3585 702 3649; x_wconf 91' lang='lat' dir='ltr'>p</span> <span class='ocrx_word' id='word_1_260' title='bbox 727 3566 815 3628; x_wconf 86' lang='grc'><strong>1050</strong></span> <span class='ocrx_word' id='word_1_261' title='bbox 832 3565 867 3632; x_wconf 87' lang='lat' dir='ltr'><strong>G</strong></span> <span class='ocrx_word' id='word_1_262' title='bbox 879 3564 993 3648; x_wconf 86' lang='lat' dir='ltr'><strong>Quod</strong></span> <span class='ocrx_word' id='word_1_263' title='bbox 1017 3587 1117 3652; x_wconf 93' lang='lat' dir='ltr'><strong>quum</strong></span> <span class='ocrx_word' id='word_1_264' title='bbox 1136 3564 1176 3630; x_wconf 90' lang='lat' dir='ltr'><strong><em>de</em></strong></span> <span class='ocrx_word' id='word_1_265' title='bbox 1195 3569 1308 3635; x_wconf 86' lang='lat' dir='ltr'><strong>Etesiis</strong></span> <span class='ocrx_word' id='word_1_266' title='bbox 1326 3570 1416 3636; x_wconf 81' lang='lat' dir='ltr'><strong>etiam</strong></span> 
     </span>
     <span class='ocr_line' id='line_1_30' title="bbox 284 3659 1414 3753; baseline 0 -18"><span class='ocrx_word' id='word_1_267' title='bbox 284 3683 392 3737; x_wconf 88' lang='lat' dir='ltr'><strong>nostro</strong></span> <span class='ocrx_word' id='word_1_268' title='bbox 411 3670 483 3733; x_wconf 89' lang='lat' dir='ltr'><strong>loco</strong></span> <span class='ocrx_word' id='word_1_269' title='bbox 503 3668 652 3732; x_wconf 90' lang='lat' dir='ltr'><strong>affirmari</strong></span> <span class='ocrx_word' id='word_1_270' title='bbox 672 3668 798 3750; x_wconf 83' lang='lat' dir='ltr'><strong>videas,</strong></span> <span class='ocrx_word' id='word_1_271' title='bbox 816 3659 939 3735; x_wconf 79' lang='grc' dir='ltr'><strong><em>ὕεσθαι</em></strong></span> <span class='ocrx_word' id='word_1_272' title='bbox 960 3668 1100 3752; x_wconf 79' lang='grc' dir='ltr'><strong><em>συνεχῶς</em></strong></span> <span class='ocrx_word' id='word_1_273' title='bbox 1121 3693 1175 3735; x_wconf 90' lang='grc' dir='ltr'><strong><em>και</em></strong></span> <span class='ocrx_word' id='word_1_274' title='bbox 1166 3662 1332 3753; x_wconf 87' lang='grc' dir='ltr'><strong><em>μάλιστα</em></strong></span> <span class='ocrx_word' id='word_1_275' title='bbox 1351 3669 1414 3743; x_wconf 81' lang='grc' dir='ltr'><strong><em>τοῖς</em></strong></span> 
     </span>
     <span class='ocr_line' id='line_1_31' title="bbox 284 3759 1410 3863; baseline 0.002 -23"><span class='ocrx_word' id='word_1_276' title='bbox 284 3759 439 3862; x_wconf 81' lang='grc' dir='ltr'><strong><em>ἐτησίαις,</em></strong></span> <span class='ocrx_word' id='word_1_277' title='bbox 471 3787 582 3859; x_wconf 84' lang='lat' dir='ltr'><strong>sponte</strong></span> <span class='ocrx_word' id='word_1_278' title='bbox 612 3786 717 3860; x_wconf 87' lang='lat' dir='ltr'><strong>patet,</strong></span> <span class='ocrx_word' id='word_1_279' title='bbox 747 3797 845 3862; x_wconf 91' lang='lat' dir='ltr'><strong>quam</strong></span> <span class='ocrx_word' id='word_1_280' title='bbox 879 3777 1009 3863; x_wconf 83' lang='lat' dir='ltr'><strong>egregie</strong></span> <span class='ocrx_word' id='word_1_281' title='bbox 1037 3775 1254 3843; x_wconf 79' lang='lat' dir='ltr'><strong>Tascbuckius</strong></span> <span class='ocrx_word' id='word_1_282' title='bbox 1286 3779 1410 3846; x_wconf 89' lang='lat' dir='ltr'><strong>eandem</strong></span> 
     </span>
     <span class='ocr_line' id='line_1_32' title="bbox 208 3877 1411 3970; baseline -0.001 -23"><span class='ocrx_word' id='word_1_283' title='bbox 208 3965 211 3970; x_wconf 82' lang='lat'>.</span> <span class='ocrx_word' id='word_1_284' title='bbox 284 3902 395 3947; x_wconf 81' lang='lat' dir='ltr'><strong>rocem</strong></span> <span class='ocrx_word' id='word_1_285' title='bbox 422 3882 456 3944; x_wconf 89' lang='lat' dir='ltr'><strong><em>in</em></strong></span> <span class='ocrx_word' id='word_1_286' title='bbox 484 3881 643 3965; x_wconf 83' lang='lat' dir='ltr'><strong>prioribus</strong></span> <span class='ocrx_word' id='word_1_287' title='bbox 667 3882 858 3962; x_wconf 85' lang='lat' dir='ltr'><strong>restituerit,</strong></span> <span class='ocrx_word' id='word_1_288' title='bbox 890 3881 947 3946; x_wconf 94' lang='lat' dir='ltr'><strong><em>ubi</em></strong></span> <span class='ocrx_word' id='word_1_289' title='bbox 974 3881 1049 3945; x_wconf 91' lang='lat' dir='ltr'><strong>olim</strong></span> <span class='ocrx_word' id='word_1_290' title='bbox 1079 3877 1247 3969; x_wconf 84' lang='lat' dir='ltr'><strong>legebatur</strong></span> <span class='ocrx_word' id='word_1_291' title='bbox 1272 3887 1357 3960; x_wconf 83' lang='grc' dir='ltr'><strong><em>τοῖς</em></strong></span> <span class='ocrx_word' id='word_1_292' title='bbox 1377 3878 1411 3950; x_wconf 82' lang='grc' dir='ltr'><strong><em>δί</em></strong></span> 
     </span>
     <span class='ocr_line' id='line_1_33' title="bbox 283 3976 1413 4077; baseline 0.004 -29"><span class='ocrx_word' id='word_1_293' title='bbox 283 3984 351 4071; x_wconf 87' lang='grc' dir='ltr'><strong><em>τῆς</em></strong></span> <span class='ocrx_word' id='word_1_294' title='bbox 378 3976 510 4074; x_wconf 77' lang='grc' dir='ltr'><strong><em>Ἀσίας</em></strong></span> <span class='ocrx_word' id='word_1_295' title='bbox 536 3984 590 4049; x_wconf 83' lang='grc' dir='ltr'><strong><em>καί</em></strong></span> <span class='ocrx_word' id='word_1_296' title='bbox 617 3978 835 4061; x_wconf 75' lang='grc' dir='ltr'><strong><em>ἀδιαλείπτως</em></strong></span> <span class='ocrx_word' id='word_1_297' title='bbox 862 3976 982 4072; x_wconf 78' lang='grc' dir='ltr'><strong><em>νύκτωρ</em></strong></span> <span class='ocrx_word' id='word_1_298' title='bbox 1003 3984 1058 4049; x_wconf 84' lang='grc' dir='ltr'><strong><em>καὶ</em></strong></span> <span class='ocrx_word' id='word_1_299' title='bbox 1078 3977 1157 4069; x_wconf 81' lang='grc' dir='ltr'><strong><em>μεθ’</em></strong></span> <span class='ocrx_word' id='word_1_300' title='bbox 1177 3979 1301 4077; x_wconf 76' lang='grc' dir='ltr'><strong><em>ἡμέραν</em></strong></span> <span class='ocrx_word' id='word_1_301' title='bbox 1322 3986 1413 4073; x_wconf 80' lang='grc' dir='ltr'><strong><em>ἐκχεῖ-</em></strong></span> 
     </span>
     <span class='ocr_line' id='line_1_34' title="bbox 285 4077 1415 4181; baseline 0.005 -31"><span class='ocrx_word' id='word_1_302' title='bbox 285 4090 369 4151; x_wconf 89' lang='grc' dir='ltr'><strong><em>σθαι</em></strong></span> <span class='ocrx_word' id='word_1_303' title='bbox 388 4080 441 4152; x_wconf 84' lang='grc' dir='ltr'><strong><em>καὶ</em></strong></span> <span class='ocrx_word' id='word_1_304' title='bbox 461 4077 612 4175; x_wconf 82' lang='grc' dir='ltr'><strong><em>λάβρους.</em></strong></span> <span class='ocrx_word' id='word_1_305' title='bbox 647 4091 743 4178; x_wconf 84' lang='lat' dir='ltr'><strong>Fugit</strong></span> <span class='ocrx_word' id='word_1_306' title='bbox 765 4113 840 4156; x_wconf 84' lang='lat' dir='ltr'><strong>vero</strong></span> <span class='ocrx_word' id='word_1_307' title='bbox 868 4089 1005 4155; x_wconf 91' lang='lat' dir='ltr'><strong>eundem</strong></span> <span class='ocrx_word' id='word_1_308' title='bbox 1026 4091 1059 4153; x_wconf 91' lang='lat' dir='ltr'><strong><em>in</em></strong></span> <span class='ocrx_word' id='word_1_309' title='bbox 1081 4092 1231 4177; x_wconf 83' lang='lat' dir='ltr'><strong>proximis</strong></span> <span class='ocrx_word' id='word_1_310' title='bbox 1246 4105 1319 4178; x_wconf 88' lang='lat' dir='ltr'><strong>post</strong></span> <span class='ocrx_word' id='word_1_311' title='bbox 1339 4090 1415 4181; x_wconf 86' lang='grc' dir='ltr'><strong><em>πλη-</em></strong></span> 
     </span>
     <span class='ocr_line' id='line_1_35' title="bbox 285 4185 1415 4294; baseline 0.011 -41"><span class='ocrx_word' id='word_1_312' title='bbox 285 4186 462 4278; x_wconf 82' lang='grc' dir='ltr'><strong><em>ρουμένους</em></strong></span> <span class='ocrx_word' id='word_1_313' title='bbox 483 4193 691 4260; x_wconf 83' lang='lat' dir='ltr'><strong>intexendum</strong></span> <span class='ocrx_word' id='word_1_314' title='bbox 715 4219 782 4261; x_wconf 89' lang='lat' dir='ltr'><strong>esse</strong></span> <span class='ocrx_word' id='word_1_315' title='bbox 808 4185 990 4294; x_wconf 79' lang='grc' dir='ltr'><strong><em>ποταμούς.</em></strong></span> <span class='ocrx_word' id='word_1_316' title='bbox 1023 4196 1133 4261; x_wconf 88' lang='lat' dir='ltr'><strong>Redeo</strong></span> <span class='ocrx_word' id='word_1_317' title='bbox 1164 4195 1204 4262; x_wconf 88' lang='lat' dir='ltr'><strong><em>ad</em></strong></span> <span class='ocrx_word' id='word_1_318' title='bbox 1229 4198 1415 4279; x_wconf 65' lang='lat' dir='ltr'><strong>Amanum,</strong></span> 
     </span>
     <span class='ocr_line' id='line_1_36' title="bbox 285 4296 1418 4383; baseline 0.011 -24"><span class='ocrx_word' id='word_1_319' title='bbox 285 4296 341 4381; x_wconf 88' lang='lat' dir='ltr'><strong><em>qui</em></strong></span> <span class='ocrx_word' id='word_1_320' title='bbox 362 4307 399 4360; x_wconf 89' lang='lat' dir='ltr'><strong><em>ut</em></strong></span> <span class='ocrx_word' id='word_1_321' title='bbox 417 4296 439 4364; x_wconf 85' lang='lat' dir='ltr'><strong><em>l.</em></strong></span> <span class='ocrx_word' id='word_1_322' title='bbox 462 4298 486 4364; x_wconf 88' lang='lat' dir='ltr'><strong><em>l.</em></strong></span> <span class='ocrx_word' id='word_1_323' title='bbox 513 4298 552 4363; x_wconf 93' lang='lat' dir='ltr'><strong><em>ad</em></strong></span> <span class='ocrx_word' id='word_1_324' title='bbox 579 4301 799 4369; x_wconf 87' lang='lat' dir='ltr'><strong>Aristobulum</strong></span> <span class='ocrx_word' id='word_1_325' title='bbox 821 4325 856 4368; x_wconf 88' lang='lat' dir='ltr'><strong><em>se</em></strong></span> <span class='ocrx_word' id='word_1_326' title='bbox 875 4303 1100 4383; x_wconf 85' lang='lat' dir='ltr'><strong>conformavit,</strong></span> <span class='ocrx_word' id='word_1_327' title='bbox 1126 4304 1170 4368; x_wconf 88' lang='lat' dir='ltr'><strong><em>ita</em></strong></span> <span class='ocrx_word' id='word_1_328' title='bbox 1191 4304 1269 4369; x_wconf 85' lang='lat' dir='ltr'><strong>alibi</strong></span> <span class='ocrx_word' id='word_1_329' title='bbox 1292 4305 1418 4371; x_wconf 87' lang='lat' dir='ltr'><strong>ridetur</strong></span> 
     </span>
     <span class='ocr_line' id='line_1_37' title="bbox 284 4389 1417 4496; baseline 0.012 -33"><span class='ocrx_word' id='word_1_330' title='bbox 284 4402 464 4467; x_wconf 80' lang='lat' dir='ltr'><strong>Nearchum</strong></span> <span class='ocrx_word' id='word_1_331' title='bbox 477 4406 587 4490; x_wconf 91' lang='lat' dir='ltr'><strong>sequi,</strong></span> <span class='ocrx_word' id='word_1_332' title='bbox 605 4411 752 4496; x_wconf 86' lang='lat' dir='ltr'><strong>sequitur</strong></span> <span class='ocrx_word' id='word_1_333' title='bbox 768 4411 863 4474; x_wconf 89' lang='lat' dir='ltr'><strong>etiam</strong></span> <span class='ocrx_word' id='word_1_334' title='bbox 879 4389 1126 4494; x_wconf 74' lang='lat' dir='ltr'><strong>Megasthianam.</strong></span> <span class='ocrx_word' id='word_1_335' title='bbox 1137 4409 1303 4475; x_wconf 83' lang='lat' dir='ltr'><strong>Nearchus</strong></span> <span class='ocrx_word' id='word_1_336' title='bbox 1314 4412 1417 4493; x_wconf 87' lang='lat' dir='ltr'><strong>enim,</strong></span> 
     </span>
     <span class='ocr_line' id='line_1_38' title="bbox 285 4509 1421 4602; baseline 0.012 -32"><span class='ocrx_word' id='word_1_337' title='bbox 285 4518 366 4571; x_wconf 85' lang='lat' dir='ltr'><strong>teste</strong></span> <span class='ocrx_word' id='word_1_338' title='bbox 390 4509 546 4574; x_wconf 78' lang='lat' dir='ltr'><strong>Strabone</strong></span> <span class='ocrx_word' id='word_1_339' title='bbox 564 4535 597 4597; x_wconf 83' lang='lat' dir='ltr'><strong><em>p.</em></strong></span> <span class='ocrx_word' id='word_1_340' title='bbox 620 4517 707 4579; x_wconf 84' lang='lat'><strong>1014</strong></span> <span class='ocrx_word' id='word_1_341' title='bbox 725 4517 769 4596; x_wconf 75' lang='lat' dir='ltr'><strong><em>A,</em></strong></span> <span class='ocrx_word' id='word_1_342' title='bbox 790 4517 824 4580; x_wconf 92' lang='lat' dir='ltr'><strong><em>iu</em></strong></span> <span class='ocrx_word' id='word_1_343' title='bbox 850 4517 963 4581; x_wconf 87' lang='lat' dir='ltr'><strong>ceteris</strong></span> <span class='ocrx_word' id='word_1_344' title='bbox 983 4536 1084 4602; x_wconf 87' lang='lat' dir='ltr'><strong>quum</strong></span> <span class='ocrx_word' id='word_1_345' title='bbox 1103 4517 1288 4582; x_wconf 80' lang='lat' dir='ltr'><strong>Aristobulo</strong></span> <span class='ocrx_word' id='word_1_346' title='bbox 1311 4519 1421 4584; x_wconf 85' lang='lat' dir='ltr'><strong>calcu·</strong></span> 
     </span>
    </p>
   </div>
   <div class='ocr_carea' id='block_1_3' title="bbox 0 0 1658 5600">
    <p class='ocr_par' dir='ltr' id='par_1_4' title="bbox 0 0 1658 5600">
     <span class='ocr_line' id='line_1_39' title="bbox 0 0 1658 5600; baseline 0 0"><span class='ocrx_word' id='word_1_347' title='bbox 0 0 1658 5600; x_wconf 95' lang='lat' dir='ltr'><strong><em> </em></strong></span> 
     </span>
    </p>
   </div>
  </div>
 </body>
</html>
