3300 5600
790 610 851 672 150

258 787 362 873 potius
371 785 549 863 Pharsalio,
561 783 690 848 totidem
704 785 845 860 talentis,
856 781 985 845 tradunt
997 781 1188 847 Plutarchus
1200 780 1237 848 V
1236 784 1273 845 it.
1284 781 1393 845 Alea,-
1404 839 1410 847 .

257 893 302 963 VI
320 904 352 957 et
371 892 492 958 Plinius
514 891 559 957 Η.
581 887 627 957 Ν.
652 888 740 958 VlIl.
761 891 815 954 64.
847 888 962 953 Utrum
984 908 1094 960 rerum
1115 889 1173 968 sit,
1194 909 1257 952 non
1274 893 1410 974 magma*

256 999 365 1065 refert.
391 999 458 1063 Nec
483 996 595 1062 celabo
617 1005 738 1074 tamen,
762 993 842 1058 mihi
866 1005 1015 1080 excerpto
1039 992 1187 1060 Gelliano
1207 993 1410 1060 nonnim'tr

256 1103 463 1170 tribuendum
481 1101 593 1169 rideri.
616 1103 743 1166 Emerat
760 1098 933 1187 aliquando
953 1100 1076 1166 Gellius
1094 1098 1267 1166 Brundusii
1285 1098 1408 1163 libro

206 1275 223 1292 ,Ι
256 1210 412 1297 plurimos
429 1209 587 1288 Graecos,
607 1206 836 1271 miraculorum
855 1206 1101 1294 fabularumque
1118 1206 1248 1292 plenos,
1268 1205 1410 1292 quibs:

256 1316 399 1381 Aristeae
417 1314 638 1394 Proconnesii‚
662 1313 782 1400 Isigoni
805 1312 1005 1393 Nicaeensis,
1029 1313 1166 1390 (hesino,
1192 1311 1391 1377 Onesicriti

258 1420 479 1508 Polystephani
496 1419 537 1509 Ι(Ι.
555 1415 827 1505 Philostephani)‚
844 1417 1004 1506 liegesiae'
1014 1418 1216 1505 aliorumque
1235 1439 1299 1481 non
1318 1417 1410 1502 ips

258 1527 387 1614 quidem
400 1548 514 1612 opera,
534 1527 561 1589 si
573 1537 659 1591 recte
670 1524 829 1607 conjicio,
847 1524 901 1588 sed
915 1525 984 1588 loca
997 1525 1113 1588 selecta
1126 1523 1367 1588 continebantur
1381 1553 1410 1595 1

261 1634 339 1698 «Eos
359 1653 485 1710 omnes,
509 1632 571 1709 ait,
604 1630 727 1695 duabus
750 1631 896 1695 noctibus
918 1631 1037 1695 cursim
1060 1639 1185 1695 transeo
1204 1649 1213 1692 a
1235 1639 1333 1714 atque
1361 1634 1410 1700 ἰ,

257 1736 393 1825 legendo
411 1738 521 1823 carpsi
533 1736 646 1802 exinde
664 1733 842 1823 quaedam,
861 1747 892 1800 et
909 1736 1015 1801 notari
1031 1736 1186 1801 mirabilia
1204 1746 1237 1800 et
1253 1736 1410 1819 scripto

259 1845 345 1909 ribus
357 1843 424 1907 fere
436 1843 551 1908 nostris
561 1843 733 1922 intentata3
751 1865 852 1929 eaque
864 1841 920 1905 lais
932 1844 1190 1906 commentariis
1200 1840 1400 1926 adspersi.»

259 1947 332 2017 Vid.
345 1949 403 2014 lx.
421 1951 453 2014 4.
466 1946 586 2012 Eodem
597 1947 691 2012 modo
703 1958 770 2011 tum
783 1948 908 2034 reliqua
919 1948 1016 2014 Gellii
1028 1946 1068 2011 de
1079 1946 1281 2034 Bucephala,
1292 1946 1393 2013 Alex·

258 2053 350 2141 andri
363 2054 397 2117 in
414 2055 534 2138 proelio
549 2065 707 2119 servatore
717 2052 952 2141 ,ejusdemque
973 2054 1050 2141 equi
1067 2065 1189 2132 morte,
1210 2064 1280 2117 turn
1297 2056 1386 2138 quod

236 2160 338 2233 ,haec
358 2158 538 2246 praecedit,
562 2158 703 2225 Charetis
722 2161 936 2280 fragmentum
957 2159 997 2224 ad
1021 2183 1076 2224 nos
1099 2158 1278 2246 pervenisse
1296 2158 1380 2222 arbi·

260 2272 344 2346 tror,
359 2265 414 2330 sed
430 2276 617 2352 corruptum
635 2277 759 2346 tamen,
780 2266 846 2330 sire
864 2265 897 2330 id
914 2265 1137 2352 Epitomatoris
1156 2264 1251 2350 culpa
1265 2263 1374 2327 factum

209 2381 211 2385 ’
259 2373 299 2437 sit
317 2394 372 2436 seu
390 2371 589 2436 lucubrantis
607 2350 726 2446 Gellii,
745 2315 822 2436 duas
837 2370 877 2435 de
900 2383 1007 2457 empto
1025 2371 1131 2458 deque
1148 2371 1264 2435 donato
1281 2369 1371 2433 Buce·

259 2476 355 2564 phala
365 2475 553 2542 traditiones
562 2498 662 2564 ,quas
674 2474 823 2564 deinceps
836 2479 969 2564 scriptas
981 2478 1131 2564 legebat,
1151 2475 1367 2541 confundentis.

258 2583 437 2653 Genuinam
456 2603 522 2646 esse
537 2581 680 2648 Charetis
698 2585 910 2649 narrationem
926 2596 957 2649 ct
970 2595 1066 2650 totam
1078 2583 1117 2649 ad
1129 2583 1216 2647 hunc
1228 2576 1410 2670 pertinere
1407 2600 1410 2609 ·

181 2742 183 2745 .
259 2711 394 2768 censeo,
420 2708 515 2774 qoam
535 2689 738 2774 prolixiorem
755 2690 779 2758 l.
800 2691 823 2758 l.
848 2691 1040 2756 Plutarchus
1058 2691 1210 2769 servarit,
1232 2689 1287 2776 qui
1305 2683 1367 2751 scri.
1408 2684 1410 2735 3

259 2806 332 2882 pter
343 2805 375 2859 et
386 2793 514 2859 omnino
528 2795 562 2859 in
574 2795 690 2860 talibus
701 2795 872 2883 diligenter
883 2797 1030 2863 adhibuit
1041 2796 1229 2876 Charetem,
1249 2807 1280 2860 et
1290 2808 1367 2881 quem

229 2903 231 2908 ’
259 2901 350 2985 nullo
365 2900 533 2966 intervallo
549 2903 714 2988 praemisit
725 2902 765 2967 de
776 2902 961 2991 Lysimacho
974 2903 1080 2969 locum
1093 2925 1130 2967 ex
1143 2901 1255 2967 eodem
1263 2900 1366 2966 desum·

259 3007 358 3094 psisse
378 3005 539 3094 putandus
562 3020 621 3075 est.
644 3008 719 3077 Vid.
742 3007 782 3074 ad
799 3011 924 3096 Fragm.
946 3008 1000 3081 IV.
1025 3031 1034 3042 ·

799 3202 843 3268 ll.

289 3351 468 3422 Plutarch.
494 3354 547 3423 V
530 3368 572 3421 st
595 3352 694 3423 Ans.
716 3359 787 3426 XX.
820 3348 934 3432 Αυτός
959 3349 1193 3445 (Ἀλέξανδρος)
1218 3354 1268 3441 τῷ
1291 3342 1371 3432 δεξιῷ
1407 3367 1410 3494 γ

259 3455 298 3526 ari
328 3448 490 3575 εὖώνυμυγ
521 3451 726 3548 ὑπερβαλών,
752 3460 806 3526 καὶ
837 3452 1003 3547 perciperes
1031 3484 1113 3526 κατα
1103 3452 1249 3547 κέρας,
1285 3470 1410 3548 pepp

260 3560 396 3650 ἐποίησε
414 3560 480 3626 reis
500 3554 577 3627 καθ’
598 3554 695 3630 αὑτὸν
699 3554 942 3683 βαηβᾷηωυ,’
925 3587 957 3629 εν
977 3554 1122 3651 πρώτοις
1142 3551 1374 3671 ἀγωνιζόμενος·

261 3660 348 3731 ὥστε
368 3664 537 3753 τρωθηυαι
556 3659 709 3754 ξίφει
670 3690 726 3733 τον
745 3660 859 3755 μηρόν,
882 3657 928 3742 ὥς
949 3666 1007 3750 μὲν
1026 3656 1170 3755 Χάρης
1191 3663 1302 3754 φησὶν,
1321 3647 1376 3733 ὑπο

260 3766 425 3856 Δαρείου·
447 3774 626 3852 συμπεσεῖν
647 3764 708 3859 γάρ
731 3762 850 3845 αὐτους
871 3767 919 3845 als·
940 3772 1061 3858 χεῖρας.

271 3934 277 3944 .
304 3873 433 3941 Falsum
453 3894 520 3938 esse
542 3874 709 3941 Charetem
727 3897 768 3939 ex
787 3876 927 3961 Epistola
941 3874 1113 3943 Alexandri
1131 3873 1179 3939 ad·
1188 3874 1379 3960 Antipatrum

261 3980 367 4044 statim
385 3978 447 4045 hoc
470 3981 540 4066 ipso
557 3980 629 4047 loco
649 3979 1014 4061 ostenditPlutarchus,
1033 4004 1094 4047 nec
1109 3983 1213 4045 minus
1234 3981 1330 4047 Orat.
1351 3975 1381 4041 ds

262 4082 363 4154 Alce.
380 4085 425 4152 Il.
443 4088 489 4151 9:
513 4075 558 4151 hv
578 4078 681 4170 Ἰασῷ,
704 4088 829 4173 inquit,
852 4084 945 4175 ξίφει
964 4077 1117 4175 (ἐπλήγη)
1130 4077 1187 4152 τὸν
1206 4078 1325 4173 μηρὸν,
1345 4075 1384 4156 ὠς

260 4178 396 4307 Χάρης
407 4188 520 4307 (popolo,
535 4179 603 4255 riseri
613 4190 756 4279 Δαρείου
769 4191 830 4258 τοῦ
842 4188 1017 4274 βασιλέως,
1034 4188 1084 4265 εἰς
1090 4192 1202 4278 χεῖρας
1215 4181 1306 4273 αὐτῷ
1320 4205 1381 4253 eve

261 4282 449 4379 doopo'vror.
462 4284 717 4367 Ahtret‘Att
698 4295 846 4383 αυδρος,
856 4283 969 4367 endor
977 4314 1113 4381 γραφωυ
1122 4289 1175 4356 καὶ
1186 4312 1270 4373 μετα
1283 4281 1387 4379 πάσης

261 4385 420 4488 ἀληθείας
439 4388 527 4484 πρός
548 4390 777 4486 Ἀττίττατρου·
801 4394 940 4484 «Συνέβη
961 4394 998 4462 δέ
1019 4418 1090 4478 μοι,
1112 4392 1213 4483 φησὶ,
1234 4385 1346 4461 καὶ’
1304 4391 1388 4510 coppi

262 4492 441 4615 ἐγχειριδίῳ
457 4496 680 4619 πηηγῆυαᾘ
649 4520 698 4574 εις
722 4491 779 4565 adv
802 4488 928 4616 μηρόν
955 4488 1028 4576 ol).
1053 4487 1196 4617 ou'ddst
1174 4518 1298 4563 ατοπον
1319 4486 1391 4563 oiire

262 4599 463 4689 παραχρῆμα
487 4592 563 4668 οἵτε
586 4592 723 4691 ὕστερον
748 4599 782 4668 ὧι
805 4602 864 4689 τῆς
882 4591 1050 4692 πληγῆς
1027 4621 1238 4690 unumpate.»
1265 4602 1387 4681 Ceteri,
