3300 5600
793 628 851 691 tot

282 809 308 860 ut
329 797 512 863 Plutarchus
542 798 563 863 l.
586 799 607 864 l.
626 799 653 866 l.
676 801 715 876 2,
734 799 922 886 simpliciter
945 814 1076 868 narrant
1097 823 1171 868 cum
1192 803 1301 871 Curtio
1325 806 1384 874 lll.

281 907 322 970 11.
344 905 381 969 10
399 925 407 968 :
433 924 451 967 (ι
464 903 634 969 Alexandri
655 892 809 971 dextrum‘
824 907 929 972 lemur
950 907 1063 973 leviter
1082 930 1236 975 mucrone
1256 911 1385 996 perstri-

277 1018 348 1073 ctum
370 1019 455 1076 esto
482 1009 944 1094 tucnrnlttmr.ttxxv1,
966 1013 1060 1078 rerba
1079 1015 1204 1081 Arriani
1224 1016 1266 1084 11.
1289 1015 1342 1082 12.
1368 1021 1382 1079 1

274 1115 301 1175 in
321 1116 423 1182 latina
454 1116 623 1192 vertentis,
654 1115 737 1182 mala
764 1115 841 1183 fides
872 1119 1049 1206 unicuique
1074 1119 1194 1208 legenti
1222 1122 1257 1186 in
1274 1123 1384 1189 oculos

272 1233 407 1287 incurret.

793 1416 851 1483 lll.

710 1624 729 1671 t
750 1623 862 1673 ttntto
885 1625 927 1672 tlt.

304 1745 415 1815 Athen.
444 1748 491 1815 tv
520 1769 552 1833 p.
579 1749 638 1811 171
665 1746 702 1813 B.
741 1741 877 1832 Χάρης
903 1740 941 1810 ἐν
965 1745 1011 1832 τῇ
1039 1743 1151 1836 τρίτῃ
1177 1745 1251 1812 τῶν
1276 1738 1382 1815 ί[στο-

265 1850 349 1929 ριοῐν
371 1841 576 1933 Πτολεμαῖόν
607 1869 692 1940 φησι
720 1841 777 1915 τον
803 1845 941 1934 Σωτῆρα
966 1844 1119 1939 ἐδέατρον
1146 1837 1384 1940 ἀποδειχθῆναι

265 1932 479 2042 Ἀλεξάνδρου·
1169 2038 1175 2049 ,
1388 2038 1392 2045 .

302 2056 417 2126 Vocem
433 2050 594 2147 Ἐδὲοτρον
613 2056 775 2123 Athenaeo
795 2057 917 2144 primus
939 2056 1079 2121 restituit
1097 2057 1326 2124 Valckenarius
1343 2081 1380 2126 ex

264 2155 419 2232 Ammonio
434 2187 461 2232 s.
484 2187 512 2232 r.
532 2188 565 2252 p.
583 2166 644 2243 48,
660 2163 796 2231 docente
809 2158 1008 2252 Έλέατρον
1026 2161 1148 2228 dictum
1163 2185 1230 2229 esso
1248 2157 1306 2230 τὸν
1319 2154 1382 2248 μοὶ1

264 2281 372 2357 rttpor,
400 2263 494 2358 παρὰ
517 2262 594 2345 τούς
618 2261 742 2351 ἐλεούς,
769 2262 969 2355 Ἐοὲατρον
994 2289 1070 2334 vero
1090 2260 1147 2334 τόν
1164 2257 1380 2356 donysium,

262 2366 345 2459 παροὶ
371 2369 414 2440 roi
437 2371 605 2458 ἐδέσματα.
635 2373 721 2439 lllud
740 2362 775 2438 in
793 2373 935 2440 Charetis
953 2375 1167 2461 fragmentum
1188 2374 1379 2459 irrepserat,

262 2487 447 2567 quamquam
464 2479 656 2545 Artemidori
671 2479 883 2567 praecedebat
895 2481 1071 2545 monitum:
1088 2467 1232 2548 hittoni
1242 2475 1296 2541 καὶ
1305 2468 1382 2550 τούς

260 2574 457 2667 προγεὺστας
487 2575 748 2672 Ἐδέατρους,
781 2576 834 2650 ὅτι
865 2572 1095 2671 προήσθιον
1125 2580 1191 2648 τοῖν
1221 2576 1382 2664 βασιλέοιν

258 2677 338 2766 πρός
356 2676 549 2774 ἀσφάλειαν.
573 2689 698 2771 Quibus
715 2689 877 2755 simillima
892 2688 979 2778 legas
991 2711 1042 2777 ap.
1053 2685 1247 2755 Eustath.ad
1260 2684 1378 2771 Θῶνιν.

255 2775 277 2843 t
304 2811 337 2878 p.
367 2794 472 2873 1403,
503 2794 546 2860 ιο
576 2794 638 2882 (aa.
658 2793 786 2883 nan),
816 2792 907 2863 suia.
937 2818 965 2863 v.
991 2783 1156 2883 νιοιρος
1173 2794 1189 2859 1
1209 2816 1242 2880 p.
1262 2792 1326 2858 arr
1348 2802 1380 2856 ο

251 2883 344 2967 lluct.
373 2899 528 2988 Etymol.
560 2901 618 2971 M.v
634 2926 667 2990 p.
692 2906 778 2983 315,
804 2905 859 2969 37.
884 2903 1014 2989 Postera
1034 2911 1136 2966 aetate
1154 2921 1237 2987 quae
1259 2898 1379 2962 luerint

250 2972 560 3093 Pdadrpovoffieia,
580 3008 678 3073 iidem
695 3010 872 3077 declarant.
897 3008 945 3078 Gi.
964 3007 1121 3076 Valclsen.
1137 3008 1172 3071 in
1194 3003 1376 3071 Animuds.

246 3095 285 3203 fd
308 3109 408 3178 dmm.
429 3135 460 3199 p.
481 3115 534 3181 tt.
552 3115 628 3180 Erat
647 3128 754 3181 autem
774 3104 939 3200 Ἐδεᾶτροο
960 3103 999 3178 od
1012 3108 1071 3194 μὲν
1086 3103 1202 3195 ὄνομα,
1225 3111 1376 3195 utajunt‚

250 3200 431 3303 Ελληνοιὸν,
459 3208 479 3306 ἦ
506 3214 545 3284 δὲ
570 3218 685 3306 χρῆσις
709 3208 864 3308 Περσική.
894 3213 1110 3282 Alexandrum
1131 3216 1193 3282 hoc
1209 3237 1326 3281 munus
1343 3215 1376 3279 in

249 3298 467 3387 Ptolemaeum
485 3324 675 3405 contulisse,
691 3334 883 3411 anteaquam
902 3322 989 3389 hunc
1007 3323 1042 3386 in
1058 3323 1183 3387 virtutis
1199 3322 1377 3409 praemium

250 3429 370 3494 εῑιιοιτιο
397 3430 540 3496 omnium
567 3420 852 3520 §oporopdloxoc
877 3430 1032 3518 dignitate
1052 3440 1197 3509 ornaret,
1229 3425 1377 3516 (quoda.

252 3526 314 3598 ³30
343 3536 465 3601 iactum
494 3558 561 3601 esse
587 3538 696 3602 monui
725 3559 820 3623 supra
844 3560 875 3623 p.
897 3539 935 3616 7,
966 3557 1031 3623 quo
1050 3536 1117 3599 iera
1137 3546 1280 3621 tempore
1303 3532 1377 3599 reli·

253 3655 350 3724 quum
370 3642 537 3707 Persarum
555 3643 785 3730 Medorumque
801 3643 926 3708 cultum
941 3638 1075 3728 induit),
1093 3651 1162 3706 tum
1178 3663 1236 3728 per
1253 3661 1287 3706 se
1303 3661 1376 3727 pro·

253 3741 354 3811 babile
371 3760 435 3829 est,
453 3760 519 3813 turn
538 3749 612 3814 inda
640 3749 792 3832 conjicias
818 3749 914 3827 licet,
942 3747 1030 3836 quod
1049 3747 1165 3815 Chares
1182 3748 1247 3832 jam
1271 3748 1377 3813 tortio

250 3851 330 3918 libro
356 3855 528 3920 Ptolemaei
554 3843 720 3945 Ἐδεᾶτρου
749 3857 942 3920 mentionem
969 3854 1100 3938 injecit,
1130 3876 1231 3942 quum
1255 3855 1377 3941 quinto

247 3959 374 4024 demum
395 3959 435 4024 de
454 3962 580 4048 Regum
601 3961 766 4028 Persarum
788 3962 932 4027 moribus
953 3961 1133 4047 exposuisse
1153 3960 1314 4040 rideatur,
1340 3968 1375 4024 ut

245 4066 366 4133 indicat
387 4069 513 4154 Fragm.
537 4068 609 4138 Vll.

778 4261 834 4329 IV.

289 4433 455 4501 Plutarch.
484 4433 520 4497 V
519 4438 558 4501 it.
581 4435 678 4502 Aloe.
702 4436 819 4505 XXIV.
845 4424 910 4501 Δια
930 4430 1034 4516 μέσον
1048 4432 1106 4521 τῆς
1123 4421 1260 4519 (Τύρου)
1279 4428 1372 4496 πολι-

243 4536 371 4629 ορκίας,
393 4536 450 4603 ἐπὶ
470 4532 548 4615 τούς
561 4529 710 4629 ’Ἄραβας
730 4533 807 4615 τούς
826 4536 1083 4626 προσοικοῦντας
1100 4534 1150 4620 τῷ
1172 4523 1375 4615 Ἀντιλιβάνῳ

243 4630 446 4726 τιριιτειίσας
456 4631 706 4730 (Ἀλέξανδρος),
720 4633 914 4710 ἐκινδύνευσε
926 4634 982 4709 sisoi
990 4632 1046 4708 osis·
1054 4630 1260 4725 reclusorio
1270 4632 1375 4704 Avol-
