3300 5600
774 601 836 667 11'7

262 786 369 851 verbum
391 780 493 868 λέγει,
517 803 620 870 quum
642 780 677 844 in
704 801 769 844 uno
788 789 913 844 tantum
931 774 1045 840 codice
1066 772 1282 855 desideretur,
1311 766 1371 843 neo

261 912 319 956 eum
334 888 491 956 Ellendtio
512 889 605 952 uncis
623 884 811 965 includere,
835 884 899 970 qui‘
912 893 1001 946 reete
1022 881 1218 967 comparavit
1232 882 1371 947 similem

259 996 376 1062 Arriani·
390 995 568 1060 orationem
596 993 670 1062 vlt.
696 996 730 1059 3.
757 995 789 1058 2.
823 992 862 1055 ln
883 990 927 1053 iis·
943 994 1029 1075 quae
1048 1009 1122 1053 mox
1141 998 1319 1074 sequuntur
1337 977 1372 1053 αἱ

258 1097 303 1216 γέν
318 1090 508 1189 πορφύρας,
530 1095 565 1164 αἱ
586 1095 624 1164 δέ
643 1088 764 1162 title
788 1085 858 1161 όλλ.
880 1083 997 1180 χρόας,
1022 1093 1169 1159 voculam
1185 1091 1244 1176 μὲν
1261 1112 1317 1180 pro
1335 1092 1373 1160 δέ

256 1204 313 1288 jure
326 1206 463 1272 restituit
482 1202 678 1283 Ellendfinr,
701 1201 758 1267 sed
780 1201 870 1266 nulla
888 1200 928 1264 de
946 1221 1041 1264 eausa
1057 1200 1187 1266 voculas
1204 1198 1259 1265 καὶ
1275 1189 1374 1287 ἄλλῆς

259 1313 334 1377 taeite
351 1311 584 1379 exterminavit.
616 1308 706 1375 Idem
726 1330 785 1395 pro
812 1294 994 1392 πορφύρας
1017 1302 1162 1392 quaerit,
1187 1326 1266 1370 num
1290 1306 1372 1369 lorte

258 1421 392 1506 seriptum
419 1418 599 1504 oportuerit
625 1416 809 1503 πορφυραῖ.
850 1413 1009 1477 Neutrum
1035 1412 1150 1498 probo.
1190 1394 1373 1476 Praeferam

257 1522 430 1612 πορφυρᾶς,
453 1534 492 1589 ut
514 1522 554 1588 ad
580 1508 683 1610 χρόας
703 1520 872 1585 referatur.
909 1520 946 1583 ln
967 1520 1195 1606 epigrammate
1216 1517 1304 1605 quod
1325 1517 1373 1580 le-

258 1629 326 1713 plur
347 1617 648 1714 καταστησόμενος,
673 1647 714 1689 ne
735 1626 884 1692 sollicita.
918 1626 1108 1712 Kruegeruo
1131 1625 1310 1713 proposuit
1317 1648 1373 1690 xor-

256 1722 483 1823 ποιησόμενος.
512 1733 674 1798 Ellendtio
692 1755 756 1798 non
773 1733 878 1796 minus
895 1731 1044 1816 plaoebat
1059 1721 1265 1818 κτησόμενος,
1278 1729 1373 1817 'qued

245 1838 480 1904 eommendatnr
494 1840 658 1905 Strabonis
675 1842 843 1925 excerpto,
868 1837 954 1903 unde
972 1838 1108 1925 proleeit
1129 1836 1314 1903 Eustatbiua
1331 1835 1372 1899 ad

256 1942 366 2034 llionys.
390 1947 517 2033 Perieg.
544 1967 574 2012 r.
606 1949 693 2012 1069
717 1968 750 2032 p.
771 1947 858 2027 280,
880 1955 913 2009 et
938 1966 957 2008 a
982 1943 1146 2010 Plutarch.
1173 1941 1210 2012 V
1209 1946 1248 2008 it.
1274 1938 1373 2008 Aloe.

256 2049 348 2121 tttx.
379 2052 541 2140 Equidem
561 2052 624 2117 boo
643 2053 720 2117 ferri
741 2073 831 2139 posse
855 2051 982 2115 omnino
1001 2052 1196 2136 putaverim,
1219 2049 1374 2135 praeferri
1440 2090 1441 2094 =

257 2175 305 2222 uon
323 2159 484 2242 jusserim.
515 2159 652 2225 Facilior
678 2161 774 2224 etiam
801 2170 866 2237 est,
899 2156 988 2221 verbi
1014 2145 1291 2241 καταστησόμενος
1316 2178 1373 2242 per

257 2260 465 2352 compendium
492 2267 603 2352 reripti
628 2267 662 2330 in
687 2247 888 2351 προέμενος.
902 2262 1105 2349 depravatio,
1113 2269 1226 2347 'quam
1249 2272 1387 2380 eontra.

256 2367 357 2438 liudem
385 2394 481 2437 sensu
507 2373 607 2459 Cyrus
630 2395 682 2459 ap.
706 2372 811 2438 strab.
833 2393 866 2456 p.
891 2371 978 2436 1069
1000 2369 1044 2435 A
1054 2355 1216 2432 dicituro
1243 2362 1291 2439 εἰς
1317 2358 1374 2454 τῆν

255 2464 407 2561 ἡγεμονίαν
434 2466 685 2565 καταστήσας
713 2473 858 2564 Πέρσας.
897 2478 1052 2543 Porrov.
1077 2479 1119 2540 35
1140 2473 1284 2539 doristus
1307 2466 1374 2552 ἐξέ-

255 2577 338 2655 βαλον
356 2605 417 2669 pro
442 2583 537 2668 lmpf.
561 2584 657 2648 uniea
678 2605 751 2647 vera
773 2594 820 2648 est
838 2582 990 2648 Ellendtii
1009 2581 1200 2647 emendatio.
1232 2577 1373 2644 Tandem

257 2701 278 2750 t·
300 2701 405 2776 antep.
431 2688 540 2774 recepi
563 2699 637 2754 ante
663 2680 741 2755 ου’τε
762 2689 858 2774 σφων
881 2689 1029 2754 eodioum
1058 2686 1211 2754 Gronovii
1232 2685 1373 2750 omnium

255 2785 408 2862 lectionem
434 2785 543 2875 οὐδέν,
571 2795 739 2881 probatam
765 2795 927 2862 Ellendtio
955 2808 987 2861 et
1011 2797 1198 2883 Kruegero,·
1232 2813 1373 2879 quorum

253 2890 297 2965 lio
314 2925 386 2969 eane
406 2924 504 2990 quam
527 2903 738 2988 probabiliter
759 2924 787 2970 v.
807 2905 933 2990 penult.
953 2903 1128 2991 legendum
1147 2922 1214 2965 esse
1235 2897 1374 2981 conjecit

252 2994 451 3094 ἓξηλέγχοντο.
482 3010 680 3096 Praepositio
699 3000 756 3086 ξόν
780 3032 818 3075 ει
843 3011 990 3098 sequenti
1009 2996 1190 3090 ξυνειδότες
1213 3017 1282 3070 orta
1307 3021 1374 3067 esse

251 3106 378 3184 vitetur.
406 3115 473 3180 Nee
501 3116 599 3179 verbo
623 3111 823 3201 ξυνηλέγχειν
846 3115 1018 3196 Arrianus,
1046 3124 1200 3202 quantum
1223 3109 1376 3199 equidem

250 3216 323 3301 taio,
339 3221 419 3287 alibi
436 3244 573 3310 osquam
591 3243 667 3288 usus
686 3232 751 3303 est3
776 3220 832 3286 sed
850 3217 1028 3308 ἐξηλέγχειν
1049 3222 1174 3307 saepius
1194 3218 1280 3306 apud
1301 3234 1376 3282 oum

250 3316 371 3413 legitur,
392 3350 423 3397 r.
449 3330 568 3397 c.,111.
599 3332 655 3396 26.
680 3331 701 3393 2
728 3328 865 3416 (Fragm.
893 3329 1028 3394 Ptolem.
1051 3329 1097 3392 XI
1118 3350 1151 3414 p.
1175 3324 1245 3414 33.)
1268 3336 1301 3390 et
1317 3325 1374 3392 Vl.

250 3436 297 3511 27.
313 3447 354 3524 5,
373 3444 430 3508 ubi
453 3465 463 3508 ι
486 3431 630 3533 Ἠρόκων
651 3432 727 3509 τότε
746 3439 805 3524 μέν
825 3433 956 3532 οἷφείθη
977 3441 1036 3530 τῆς
1058 3437 1188 3515 αἰτίας·
1211 3430 1318 3524 όλλγον
1339 3434 1378 3501 dd

248 3542 376 3645 ὕστερον
395 3553 601 3641 ἐξελεγχθεὶς
617 3592 658 3604 —·
677 3548 778 3619 ε”δωκε
793 3552 892 3643 δίκην.
924 3557 1012 3621 Haeo
1028 3554 1068 3619 de
1087 3554 1234 3620 Arriano.
1310 3635 1312 3639 Ι

285 3665 322 3728 ln
340 3662 506 3728 Strabonis
523 3672 675 3748 excerpto
687 3660 736 3725 vix
756 3660 870 3726 dubito
891 3664 971 3750 quin
987 3662 1086 3727 rerba
1104 3654 1245 3747 στέγην
1258 3651 1378 3729 τελέως

245 3760 381 3855 έχοντα
407 3760 466 3855 τῆν
493 3767 624 3834 εἴσοδον
650 3779 803 3855 corrupta
833 3770 896 3833 sint
925 3791 943 3834 e
967 3767 1234 3857 praecedentibus
1265 3756 1379 3846 στέγην

244 3868 365 3959 ἔχοντα.
388 3874 500 3941 Deleto
516 3873 618 3938 altero
638 3868 754 3957 έγοντα
764 3875 874 3940 malim
886 3870 1023 3941 στενόν
1038 3870 1159 3947 τελέως
1170 3862 1228 3959 τῆν
1240 3863 1378 3933 εἲσοόον.

243 3984 278 4056 lo
293 3974 386 4070 reqq.
409 3979 614 4070 Casaubonus
631 3981 697 4066 legi
717 3982 836 4061 voluit,
860 3978 914 4044 uel
933 3972 990 4067 τῆν
1009 3968 1129 4043 πύελον
1149 3967 1377 4058 μεταθέντων·

243 4089 297 4165 τόν
329 4086 441 4185 νεκρόν
469 4083 558 4170 δὀό,
590 4094 749 4182 (intellige
779 4092 1022 4181 ἐκκομισθῆναι)
1054 4082 1101 4164 ὠς
1125 4085 1221 4174 δῆλον
1243 4108 1272 4149 κ.
1294 4107 1323 4150 τ.
1348 4079 1378 4146 λ.

243 4207 388 4283 Frustra,
412 4202 491 4267 licet
506 4191 579 4265 d’'
545 4222 585 4265 ου
580 4190 741 4268 ‘babeant
757 4201 897 4269 codices.
931 4185 1059 4263 Πόελον
1080 4216 1146 4259 non
1165 4203 1290 4258 tuntum
1310 4188 1379 4253 loeo

243 4322 387 4391 motum,
419 4308 514 4378 sed
503 4329 606 4396 upsam
642 4321 775 4397 quoque
795 4305 985 4394 ffroetom
1015 4302 1115 4368 fuisse
1141 4292 1381 4424 (θραυσθῆναι)

243 4434 330 4516 natet
350 4446 390 4490 ex
412 4424 580 4491 Arriano:
608 4412 672 4489 Τόν
689 4415 800 4512 νεκρόν
819 4418 986 4505 ἐξέβαλον,
1008 4407 1106 4543 αότῆγ
1125 4414 1164 4479 da
1182 4400 1239 4498 τῆν
1259 4396 1381 4473 πύελον

243 4542 418 4667 πιειρωντο
441 4527 573 4625 εόογκόν
594 4555 693 4627 σφισι
719 4523 942 4623 ποιήσασθαι,
965 4529 1019 4596 καὶ
1037 4516 1138 4613 ταύτῃ
1159 4511 1318 4613 εὔφορον,
1339 4541 1382 4582 τα

245 4642 298 4715 ιέν
328 4629 609 4731 παρακόπτοντες,
644 4664 686 4706 τα
715 4636 753 4705 δέ
773 4636 981 4716 ξυνθλῶντες
1004 4626 1109 4720 αὐτῆς.
1148 4627 1260 4712 Quid?
1292 4622 1379 4712 quod
