3300 5600
784 621 845 686 101

266 811 366 880 φησιν,
392 784 582 859 deodatae?
609 790 711 858 πεδία
736 792 874 880 θέρους,
903 789 1061 874 χειμῶνος
1086 780 1268 876 δ’ὔνομβρα
1294 810 1384 857 error.

263 893 409 991 Similiter¹
428 898 579 963 Arrianus
609 898 650 965 V.
672 898 706 964 9.
730 900 765 977 t,
798 908 831 960 et
859 896 1007 960 disertius
1035 897 1129 960 etiam
1152 895 1386 982 Megastheuem

256 996 424 1090 'excerpens
439 1001 553 1068 Ἰασέα.
569 1004 627 1071 VI.
647 1006 666 1067 t
688 1025 736 1090 sq.
761 1002 918 1067 Dindorus
944 1002 987 1069 II.
1009 1002 1239 1092 addistinguis
1258 994 1386 1073 ὀπτούς

255 1094 398 1194 ὄμβρους
421 1099 499 1172 καθ’
525 1105 659 1172 ἕκαστον
680 1102 767 1186 ἔτος,
794 1101 851 1172 atis
871 1105 929 1187 μὲν
949 1098 1142 1192 χειμερινὸν,
1165 1098 1221 1171 τόν
1241 1096 1387 1190 δ’ἕτερον

252 1202 334 1275 κατὰ
351 1203 408 1298 τήν
427 1201 562 1298 depono
581 1204 718 1298 τροπὴν,
736 1233 820 1297 quae
839 1210 1055 1275 Eratosthenis
1074 1211 1136 1275 fuis
1154 1209 1328 1286 sententia,
1347 1229 1385 1270 er

252 1331 320 1397 quo
335 1314 421 1378 idem
436 1313 519 1378 illud
542 1313 641 1378 refert
658 1314 773 1385 Strabo
793 1338 826 1402 p.
851 1319 938 1382 1016
959 1316 997 1384 A.
1343 1388 1346 1394 ,

298 1421 509 1506 Quae‘porro
537 1419 570 1483 iu
595 1421 774 1506 fragmento
801 1422 980 1494 Aristobuli
998 1422 1117 1506 legitur
1145 1422 1251 1484 brevis
1275 1421 1387 1485 relatio

248 1521 296 1588 de
315 1524 426 1591 Indica
444 1525 616 1590 Alexandri
637 1527 855 1614 expeditione,
876 1548 913 1592 ea
931 1526 1062 1614 quidem
1080 1538 1145 1592 tam
1158 1527 1298 1613 graviter
1310 1546 1387 1590 cor-

249 1643 347 1716 rupta
364 1643 427 1711 est,
438 1641 475 1696 ut
491 1632 587 1716 paulo
607 1631 793 1720 diligentius
809 1614 1017 1700 examinanda
1026 1635 1115 1700 sind
1132 1630 1384 1716 Parapamisadis

248 1739 408 1816 profecti,
429 1736 516 1823 quod
534 1737 686 1802 Arrianus
708 1740 766 1806 lv.
786 1741 842 1805 22.
861 1744 882 1804 3
909 1742 1051 1804 evenisse
1076 1739 1175 1804 tradit
1197 1737 1250 1803 Ol.
1270 1736 1385 1804 cxttt.

250 1841 269 1900 l
294 1845 357 1908 sire
379 1866 409 1911 a.
430 1845 512 1922 327,
532 1844 665 1907 movisse
681 1844 869 1909 Macedones
887 1846 922 1909 in
945 1844 1070 1910 Indiam
1090 1844 1255 1924 dicuntur,
1276 1843 1387 1928 ibique

247 1960 326 2027 post
342 1949 510 2015 Pleiadum
523 1956 683 2014 'occasum
703 1950 827 2036 degisse
845 1961 942 2015 totam
963 1951 1103 2015 hiemem
1122 1951 1156 2015 in
1173 1951 1280 2015 nescio
1305 1969 1387 2034 quo·

248 2071 328 2119 rum
353 2057 580 2142 Hippasiorum
601 2058 651 2119 rel
676 2057 888 2143 Hypasiorum
909 2067 994 2121 terra
1020 2068 1053 2120 et
1074 2057 1196 2121 ditione
1216 2056 1385 2132 IllusIcaui3

248 2173 351 2240 quam
381 2173 503 2241 tamen,
532 2162 558 2224 si
570 2161 667 2226 audis
685 2163 856 2227 Arrianum
876 2163 933 2230 VI.
957 2165 1010 2230 15.
1029 2169 1048 2228 5
1068 2184 1129 2249 sq„
1150 2161 1229 2224 adiit
1256 2160 1385 2224 demum

246 2261 434 2333 Alexander
446 2279 556 2333 exacta
567 2268 635 2332 fere
647 2271 791 2353 proxima
807 2268 929 2349 hieme,
941 2290 985 2335 m.
1001 2268 1095 2334 Febr.
1108 2290 1138 2334 a.
1148 2269 1226 2334 325.
1247 2265 1386 2341 Deinde,

248 2355 353 2460 ἔαρος
374 2364 570 2459 ἀρχομένου,
597 2376 770 2439 exercitum
787 2376 822 2438 in
839 2396 967 2461 campos
983 2374 1183 2439 descendisse
1201 2373 1338 2459 legimus
1356 2382 1388 2433 et

247 2465 490 2542 incautorum
509 2479 649 2559 urbem,
673 2480 749 2545 binc
768 2480 809 2546 ad
830 2481 1009 2567 Hydaspem
1036 2481 1177 2566 Poriqua
1205 2479 1386 2565 regionem,

244 2593 339 2662 quae
368 2585 473 2648 omnia
500 2586 585 2651 facta
609 2607 675 2650 esse
699 2586 910 2651 demonstrari
927 2586 1039 2651 indea
1066 2609 1108 2652 m.
1136 2583 1391 2671 Elaphebolione.

246 2699 288 2751 fl.
303 2691 380 2757 326.
404 2689 489 2757 Vide
503 2691 543 2755 ad
563 2693 697 2758 Ptolem.
714 2694 840 2779 Fragm.
858 2693 951 2760 XVII
968 2714 1000 2779 p.
1012 2696 1051 2756 41
1067 2715 1115 2778 sq.
1140 2693 1194 2755 Est
1213 2711 1287 2753 vero
1307 2687 1387 2752 haec

245 2795 396 2861 narratio
416 2808 480 2861 tam
500 2797 655 2878 absurda,
673 2810 710 2863 ut
730 2798 770 2863 ab
790 2797 975 2865 Aristobulo
994 2802 1043 2863 vel
1068 2797 1224 2863 Strabone
1243 2795 1387 2882 proiecta

244 2913 324 2966 esse
338 2901 435 2987 plane
454 2925 518 2969 non
534 2908 632 2990 possit
639 2930 647 2985 3
667 2905 700 2970 id
719 2905 807 2993 qnod
827 2908 946 2970 nemini
967 2906 1073 2971 adhuc
1092 2907 1127 2968 in
1148 2903 1258 2968 oculos
1276 2903 1388 2965 incur-

245 3008 334 3073 risse
352 3008 503 3078 demiror.
535 3010 646 3076 Oritur
671 3012 872 3096 perturbatio
890 3035 907 3076 e
927 3013 1095 3099 depravata
1115 3012 1252 3074 lectione
1273 3029 1281 3071 ι
1305 2999 1389 3089 parci

245 3108 294 3177 da
315 3105 636 3201 δυσμάςἨληϊάδιυν
656 3114 720 3179 καὶ
738 3107 979 3203 διατριψάντων
994 3108 1075 3181 κατὰ
1093 3106 1150 3203 τήν
1164 3104 1287 3200 ὀρεινὴν
1305 3104 1337 3175 ἔν
1353 3128 1389 3171 σε

244 3217 297 3303 τῇ
318 3206 522 3282 Ἰππασίων
542 3217 596 3282 καὶ
616 3218 658 3305 τῇ
680 3219 939 3285 Μουσικανοῦ
960 3214 1068 3308 γῇσόν
1080 3218 1231 3302 χειμῶνα.
1247 3218 1389 3282 Primum

246 3319 333 3386 ferri
353 3323 465 3407 nequit
483 3312 670 3404 Ἱππασίων,
694 3325 781 3410 quod
801 3347 839 3388 ex
860 3314 918 3388 ὕπ’
939 3314 1054 3390 ²Aoiors
1068 3326 1272 3393 Casaubonus
1290 3320 1390 3386 dedit.

250 3425 442 3516 Legendum
458 3420 658 3510 Ἀσπασίων,
676 3430 764 3516 quod
783 3454 868 3495 nunc
890 3432 1168 3512 meTzschuckius
1185 3441 1293 3496 monet
1312 3428 1345 3494 h.
1365 3425 1389 3491 I.

249 3531 320 3614 jam
337 3532 594 3599 commendatum
619 3557 686 3599 esse
704 3558 722 3601 a
740 3537 948 3603 Schmiedcro
967 3538 1007 3603 ad
1023 3538 1149 3607 drrian.
1172 3536 1282 3605 India.
1302 3557 1335 3619 p.
1357 3535 1391 3598 6.

257 3641 358 3705 Porro
386 3661 445 3727 pro
471 3642 683 3707 Μουσικανοῦ
707 3644 867 3709 scribatur
898 3656 1023 3730 oportet
1056 3636 1266 3722 Ἀσσακανοῦ,
1295 3661 1392 3726 quem

259 3747 412 3812 Arrianus
429 3746 486 3814 IV.
509 3748 565 3814 30.
587 3750 606 3810 5
628 3768 722 3837 perp
742 3759 832 3815 vocat
852 3738 1053 3837 Ἀσσαιαγνόν.
1076 3750 1138 3819 Vix
1157 3748 1280 3813 Bactris
1298 3745 1395 3810 Alex·

259 3852 359 3918 ander
377 3854 411 3916 in
432 3851 556 3917 Indiam
574 3867 780 3938 pervenerat,
800 3878 899 3944 quum
918 3854 973 3919 has
998 3868 1122 3941 peteret
1146 3855 1305 3939 regiones.
1332 3850 1395 3915 Αι-

259 3960 367 4024 rianus
394 3948 452 4026 IV.
479 3959 534 4025 23.
567 3961 582 4021 1
615 3978 624 4024 r
654 3950 852 4049 Προύχώρει
878 3957 911 4034 ἐς
939 3952 995 4048 ιὴν
1023 3950 1242 4024 Ἀσπασίων
1262 3979 1299 4022 ιε
1332 3954 1393 4045 (ct.

259 4065 396 4132 Ptolem.
415 4065 541 4151 Fragm.
562 4062 664 4149 XVI.)
677 4063 732 4130 acl
752 4060 921 4151 Γουραίων
941 4050 1050 4151 χώραν
1070 4061 1125 4127 καὶ
1145 4054 1395 4147 Ἀσσακηνῶν,

260 4199 400 4267 quorum
420 4180 588 4265 postremis
607 4187 754 4265 praeierat
781 4179 958 4242 Assacenus
982 4178 1031 4241 sel
1054 4178 1244 4242 Assacanus.
1276 4176 1323 4239 Ile
1340 4174 1399 4237 iis·
1441 4261 1445 4269 ι

259 4296 336 4361 dem
357 4294 473 4360 Strabo
500 4294 646 4380 loquitur
675 4316 710 4379 p.
741 4295 828 4359 1022
858 4293 887 4358 A
915 4314 924 4356 :
953 4283 1003 4357 Tol
1027 4282 1148 4375 μεσαξύ
1176 4278 1304 4354 τούτοιν
1329 4291 1399 4351 τοῖν

259 4411 354 4475 δυοῖν
378 4410 539 4490 ποταμοῖν
563 4396 724 4492 (Ὑπάνιος
749 4407 804 4471 καὶ
830 4395 969 4491 Γάγγου)
995 4396 1123 4487 ἔχουσιν
1150 4391 1337 4487 Ἀσιακιγνοί
1361 4420 1399 4463 aa

259 4517 318 4584 uoti
338 4517 506 4585 Mantuani
517 4517 572 4582 καὶ
587 4519 731 4585 Νυσαῖοι
740 4516 795 4582 καὶ
806 4506 1000 4585 Ἱππάσισι·
1022 4505 1088 4579 εἶθ’
1109 4505 1128 4598 ἦ
1150 4504 1398 4588 honoranda,

259 4624 351 4699 ὅπου
379 4619 546 4715 Μάσσαγα
573 4621 683 4710 πόλις,
710 4621 749 4698 ad
770 4616 938 4711 βασίλειον
957 4628 1015 4715 τῆς
1037 4616 1146 4713 χώρας
1171 4626 1231 4715 (of.
1252 4648 1285 4711 p.
1306 4627 1347 4690 95
1359 4623 1398 4687 ad
