3300 5600
789 623 829 682 81

266 773 345 846 δέ’
313 805 359 849 ουι
378 772 417 871 ἢν
436 777 479 850 τά
497 776 709 874 Γαιηάιαγλα,
731 780 815 854 άλλά
834 778 926 878 ιάμη
947 781 1090 880 μεγάλη,
1102 781 1217 860 οάδέ’
1196 789 1377 879 ονομαστός

259 876 405 974 ὁγάρος,
427 876 558 953 οάδέ’
526 909 573 964 εις
593 879 728 980 άιοην
709 884 831 958 ιάά
791 915 830 959 το
846 882 964 976 ὄνομα.

296 991 358 1057 λιιι
375 991 535 1078 proferam
555 993 653 1060 verba
670 995 852 1078 Strabonis,
875 1017 959 1086 quae
976 998 1131 1086 leguntur
1145 1001 1223 1073 xvl
1240 1026 1272 1090 p.
1289 1006 1376 1072 1072

263 1092 298 1173 1,
313 1098 451 1163 consulto
470 1099 584 1164 omissa
602 1099 643 1164 ad
664 1102 799 1171 Ptolem.
819 1105 948 1192 Fragm.
970 1105 1068 1190 IXp.
1089 1108 1133 1171 32
1142 1111 1250 1196 ,quia
1265 1123 1379 1177 aucto-

264 1220 317 1266 ιοιιι
344 1201 585 1286 ΑιίιιοΙιιιΙιιιιι,
609 1223 707 1294 quem
734 1207 825 1274 [oties
855 1210 889 1274 in
923 1210 1093 1276 consilium
1121 1214 1178 1279 ille
1207 1215 1378 1297 adhibuit,

263 1305 376 1383 mirifico
398 1308 556 1380 redolent.
587 1306 643 1379 Ἐν
663 1312 706 1400 τῇ
731 1303 898 1440 Ἀτουρίφ,
927 1315 1055 1403 inquit,
1084 1315 1154 1382 ἐστὶ
1180 1310 1381 1409 Γαυγάμηλα

262 1398 348 1500 κώμη,
376 1410 409 1478 ἐν
435 1403 458 1501 ἧ
483 1411 609 1503 συνέβη
626 1415 794 1532 νικηθῆναι
819 1416 875 1483 καί
902 1410 1080 1502 ἀποβαλεῖν
1106 1413 1163 1508 τήν
1191 1412 1292 1510 άρχήν
1312 1428 1380 1492 Δα-

260 1516 339 1595 ρεῖον.
352 1507 449 1583 ’Ἐστι
470 1505 588 1599 μέν
548 1540 605 1583 ουν
626 1508 732 1593 τόιιος
757 1513 980 1609 ἐπίσημος
940 1544 1036 1598 ουτος
1056 1521 1110 1587 καὶ
1130 1512 1299 1605 τοάνομα·
1322 1547 1380 1617 με,-

258 1612 531 1788 θερμηνευθένῪ
490 1643 553 1745 γαρ
583 1617 654 1686 ἐστὶ
677 1613 854 1739 καμήλου
890 1616 1014 1701 οἶκος.
1053 1614 1208 1707 Ωνάμασε
1237 1618 1268 1692 δ
1293 1619 1379 1693 οὕτω

255 1717 426 1834 Δριρεῖος
405 1745 425 1789 ο
455 1713 652 1805 Ὑστάσπου,
679 1725 784 1814 κτῆμα
810 1721 942 1803 δούς’
911 1749 960 1803 εις
981 1721 1163 1848 διατροφην
1181 1753 1223 1816 τη
1209 1718 1378 1818 καμήλῳ

254 1819 289 1906 τῇ
317 1825 610 1948 συνεαπετιονηνιυίρ
639 1817 780 1913 μάλιστα
815 1853 873 1918 την
904 1820 982 1897 ὁδόν
1006 1824 1063 1920 τῆν
1090 1825 1146 1899 δια
1171 1831 1229 1920 τῆς
1256 1821 1379 1920 ἔρημον

252 1923 399 2011 Σκυθίας,
425 1925 510 2013 μετά
532 1930 599 1996 τῶν
625 1929 782 2021 φορτίων,
812 1930 845 1998 ἒν
872 1926 921 2008 οἷς
947 1923 985 2022 ἦν
1010 1925 1113 1999 ιιαίι
1092 1961 1113 2024 η
1143 1926 1307 2024 διατροφή
1329 1958 1377 2020 τῳ

249 2023 376 2100 ίασιλιῖ.
398 2031 439 2101 Οἱ
459 2030 570 2115 μέιτοι
590 2025 781 2110 Μακεδόνες
800 2036 897 2104 τοῦτο
921 2028 1020 2121 μὲν
1001 2041 1138 2126 ορῶντες
1155 2029 1276 2122 κώμιον
1292 2028 1380 2104 εάτε-

247 2123 309 2240 λίς,
333 2129 375 2201 τά
402 2133 441 2202 δέ
461 2127 609 2256 ’Ἀρβηλα
636 2138 798 2206 κατοικίαν
825 2131 1002 2227 άξιὸλογον,
1030 2139 1163 2261 κτίσμα,
1196 2132 1242 2215 ὡς
1264 2158 1377 2228 φασιν,

247 2215 397 2358 Αρβὴλρν
422 2239 483 2305 τοῦ
509 2232 718 2325 Αθμονέως,
746 2241 827 2330 περὶ
845 2235 998 2363 ’Ἄρβηλα
1018 2235 1075 2332 τήν
1095 2235 1199 2331 μάχην
1218 2239 1273 2307 καὶ
1292 2239 1379 2329 νίιιην

245 2331 472 2431 κατεφήμισαν,
493 2341 549 2409 καί
569 2349 640 2419 τοῖς
656 2345 897 2469 συγγραφεῦσιν
913 2341 998 2413 ου’τω
1014 2345 1218 2436 παρέδωκαν.
1240 2346 1289 2415 cf.
1300 2348 1379 2413 Plu-

244 2443 343 2612 [appii.
378 2438 822 2538 VztAleoe.xxx1‚qui
853 2475 890 2517 οι
912 2451 1024 2519 eodem
1046 2453 1135 2520 ίοιιιο
1161 2475 1219 2520 sua
1249 2455 1378 2541 petiisse

243 2558 270 2606 '1
293 2565 375 2622 ειιιι.

641 2792 644 2798 ’
762 2733 851 2857 ιιι.

278 2972 409 3044 Arrian.
432 2975 491 3044 111.
519 2979 574 3045 11.
599 2978 718 3045 8-7.
742 2965 935 3064 Ἐτάχθη’
893 2975 983 3063 αυτῷ
999 2972 1020 3064 ἡ
1040 2995 1176 3066 στρατια
1166 2965 1278 3043 ὦδε·
1292 2967 1377 3045 ἑάλω

243 3058 301 3162 ’ἂρ
327 3072 463 3168 ὕστερον
488 3106 509 3168 η
498 3071 683 3160 wigtffi‘
668 3072 776 3169 η’ντινα
798 3074 891 3158 ἔταξε
912 3082 1068 3167 Δαρεῖος,
1089 3078 1307 3198 γεγραμμένη,
1332 3104 1379 3157 ως

243 3166 324 3255 λέγει
349 3173 694 3307 Ἀριστόβουλος.
725 3175 772 3247 Τὸ
792 3178 851 3263 μέν
873 3171 1035 3266 εὐώνυμον
1057 3174 1145 3267 αάτῳ
1132 3180 1323 3271 κέρας’
1287 3207 1320 3251 οι
1340 3206 1378 3250 τε

243 3266 431 3386 Β(ἷοιτριοιι
418 3288 533 3362 ιτιτιεῖς
561 3276 656 3368 εἶχον,
684 3282 738 3349 καί
764 3277 821 3364 ξάν
841 3274 969 3359 τούτοις
989 3276 1076 3352 Δάαι
1097 3284 1151 3350 καὶ
1173 3278 1377 3375 Ἀραχῶτοι·

243 3363 294 3484 ἰπὶ
319 3388 355 3453 δέ
380 3378 508 3465 τοάτοις
533 3386 665 3477 Πέρσαι
692 3378 882 3471 ἐτετάχατο,
905 3386 1019 3463 ἱππεῖς
1040 3410 1077 3454 τε
1084 3379 1182 3514 ὁριοῦ
1202 3413 1257 3455 και
1246 3388 1378 3471 πεζοί

243 3463 499 3578 ivoepeptyue'voi,
533 3489 588 3556 καί
622 3480 754 3557 Σοάσιοι
790 3488 847 3557 ἐπὶ
878 3487 1040 3579 Πέρσαις,
1076 3489 1133 3558 έπι
1161 3492 1199 3558 δὲ
1227 3490 1379 3566 Σουσίοις

243 3580 426 3662 Καδούσιοι.
461 3587 556 3682 Αὕτη
583 3591 642 3679 μέν
669 3586 690 3684 ἦ
717 3594 776 3660 τοῦ
805 3583 971 3678 εὐωνύμου
1000 3592 1119 3684 κέρως,
1150 3589 1224 3662 ἐστι
1256 3592 1312 3661 ἐντί
1338 3618 1377 3661 το

243 3683 335 3762 μέσον
358 3697 417 3787 τῆς
443 3687 552 3787 πάσης
579 3687 761 3787 φάλαγγος,
790 3686 923 3777 τάξις
902 3722 950 3786 ην.
971 3689 1124 3766 Κατάδέ
1143 3722 1180 3765 το
1173 3690 1320 3779 δεξιον,
1344 3693 1380 3763 οί

244 3797 318 3855 78
302 3823 344 3865 εκ
355 3798 484 3897 Κοίλης
511 3799 633 3891 Συρίας
659 3797 767 3865 καὶε
735 3824 768 3867 οι
789 3797 823 3868 ἐκ
843 3799 901 3889 τῆς
921 3797 1024 3889 μέσης
1044 3801 1109 3868 τιόν
1130 3823 1288 3886 ποταμων
1309 3797 1377 3865 ἐτε

247 3885 373 3986 ῖᾶχατο,
402 3903 457 3971 καί
485 3899 650 3994 Μῆδοι”
627 3928 675 3971 ετι
703 3896 786 3970 κατά
810 3926 849 3969 το
841 3893 1008 3982 δεξιόν·
1034 3902 1091 3971 έττί
1111 3904 1162 3987 δέ,
1183 3905 1377 3992 Παρθυαῖοι

248 4003 294 4069 καί
312 3999 440 4074 Σάκαι·
462 4004 518 4073 ἐπὶ
538 4006 588 4088 δέ,
614 3999 851 4132 Τάντουροιιαὶ
868 3996 1051 4094 Ὑρκάνιοι·
1073 4006 1128 4073 ἒτιί
1149 4006 1198 4088 δὲ,
1214 3998 1377 4125 Ἀλβανρί

248 4106 294 4174 καί
321 4108 501 4179 Σακεσίναι.
528 4102 626 4179 Οὗτοι
652 4109 710 4195 μέν
739 4104 813 4175 έστε
839 4106 896 4175 ἐντί
918 4133 956 4176 το
976 4108 1077 4194 μέσον
1096 4110 1154 4199 τῆς
1173 4099 1283 4197 πάσης
1310 4099 1376 4197 φά-

244 4207 361 4299 λαγγος.
381 4208 475 4281 Κατά
487 4206 525 4280 τά
540 4213 639 4299 μέσον
659 4214 709 4295 δέ,
724 4212 778 4280 ἵνα
797 4202 1003 4303 ἧνβασιλειίς
1020 4218 1172 4302 Δαρεῖος,
1195 4210 1230 4278 οί
1241 4235 1278 4278 τε
1299 4233 1376 4299 συγ-

243 4319 338 4403 γενεῖς
360 4317 420 4384 τοῦ
439 4316 602 4401 βασιλέως
621 4308 809 4435 ἐτετάχατο,
830 4316 884 4384 καί
900 4316 932 4384 οἷ
950 4306 1137 4438 μηλοφόροι
1156 4314 1299 4405 Πέρσαι,
1321 4315 1375 4381 καὶ

243 4412 337 4501 iudei,
362 4419 417 4486 καί
423 4421 553 4510 Κᾶρες
581 4420 614 4489 οἱ
637 4410 841 4486 άνάσιταστοι
865 4412 1067 4504 καλούμενοι,
1097 4417 1151 4486 καὶ
1181 4416 1213 4484 oi
1239 4409 1377 4507 Μάρδοι

243 4512 374 4602 τοξόται.
404 4513 471 4602 Οάξ
472 4546 517 4590 ιοι
534 4522 593 4605 δέ,
620 4546 674 4588 και
664 4512 909 4605 Βαβυλώνιοι,
939 4546 992 4598 ιαι
1014 4520 1046 4588 οἱ
1065 4544 1152 4611 προς
1170 4545 1211 4609 τη
1199 4514 1375 4620 Ἐρυθρᾷ

243 4616 405 4713 θαλάσση,
428 4625 495 4693 καί
502 4625 684 4715 Σιτακηνοί,
705 4624 739 4700 ἐς
757 4615 903 4708 βάθος
886 4643 1048 4712 ειτιτεταγμ
1050 4624 1124 4693 ιε’νοι
1145 4613 1241 4713 ἦσαν.
1265 4632 1373 4715 Προε-

1201 4731 1217 4779 6
