3300 5600
808 567 850 629 st

255 740 446 819 Gedrosiae,-
465 741 602 806 aliarum
625 739 717 804 Asiae
735 749 893 805 terrarum
911 749 1040 815 natura,
1062 737 1226 803 fertilitate
1242 736 1315 817 seli,
1335 752 1412 804 ar·

254 848 374 914 borum
392 847 640 934 plantarumque
658 844 833 932 generibus
845 841 890 930 ¹),
909 865 992 930 quae
1009 842 1049 909 de
1068 844 1232 910 vanorum
1244 843 1414 909 locorum

258 953 448 1019 animalibus
458 949 499 1038 ²),
518 973 601 1039 quae
611 949 751 1038 denique
761 949 801 1016 de
812 950 898 1030 Oxo,
917 950 1405 1037 laxarte,Polytimeto,1udo‚

257 1060 411 1139 Acerina,
434 1059 524 1138 Nilo,
547 1057 711 1143 Euphrate
731 1056 836 1122 fluens
846 1053 888 1138 ⁸),
915 1078 934 1121 e
960 1056 1192 1122 commentariis
1214 1051 1402 1122 Aristobuli

258 1165 412 1230 Arrianus
436 1165 556 1250 aliique
578 1175 725 1250 excerpta
752 1174 927 1230 semarunt.
967 1163 1073 1250 Atque
1100 1161 1161 1227 hac
1190 1171 1284 1248 parte
1307 1158 1393 1228 haud

259 1271 327 1336 scio
342 1271 554 1356 aninmagno
572 1272 932 1356 scriptorumnumero,
949 1269 1007 1355 qui
1018 1266 1188 1334 Alexandri
1205 1269 1391 1334 memorum

255 1376 385 1463 scriptis
415 1375 634 1455 celebrarunt,
654 1375 874 1441 Aristobulum
894 1376 1066 1463 quisquam
1085 1375 1302 1460 superaverit,
1331 1360 1387 1439 uisi

258 1482 341 1547 lorte
353 1481 539 1548 ¹Nearchum
560 1493 594 1547 et
612 1479 828 1548 onesicritum
849 1503 925 1546 cum
942 1503 981 1546 eo
991 1479 1183 1559 contuleris,
1194 1498 1278 1566 quoe
1290 1490 1388 1547 mmor

259 1586 323 1653 fide
339 1600 388 1654 sat
403 1589 502 1676 longo
517 1598 589 1677 post
608 1609 642 1653 se
654 1588 821 1653 intervallo
835 1587 978 1675 reliquit,
1001 1588 1068 1674 Ipsi
1077 1586 1157 1652 adeo
1167 1585 1388 1651 Ptolemaeoir

258 1692 356 1759 rebus
374 1694 499 1760 bellicis
521 1693 671 1759 lubenter
690 1693 866 1773 habitanti,
883 1693 917 1758 in
938 1694 1081 1780 gentium
1102 1712 1194 1772 voro,
1217 1702 1387 1771 terrarum,

260 1797 447 1880 fluminum,
467 1821 576 1865 rerum
594 1800 787 1865 naturalium
806 1799 1021 1885 descriptione
1036 1798 1237 1884 parcissimo,
1259 1796 1323 1863 hoc
1339 1819 1390 1863 nr·

259 1905 347 1972 mine
360 1904 563 1971 Aristobulus
580 1905 676 1993 longe
693 1906 902 1992 praecelluit3
916 1916 953 1971 ut
971 1905 1020 1970 vix
1037 1904 1201 1985 dubitem,
1212 1903 1294 1990 quin
1312 1910 1390 1990 quae

260 2007 358 2093 hujus
376 2011 502 2098 generis
520 2013 619 2078 multa
639 2010 736 2078 hodic
752 2010 838 2099 apud
849 2011 1019 2077 Attianum
1035 2009 1240 2089 offendimur,
1257 2010 1391 2094 plurima

260 2136 299 2180 ex
317 2138 414 2202 opere
427 2118 613 2184 Aristobuli
641 2117 784 2184 deducta
809 2117 852 2183 ad
886 2139 943 2182 nos
970 2112 1278 2203 permanaverinu).
1318 2115 1391 2181 Utnt

260 2231 323 2301 cst,
345 2233 465 2289 tanum
483 2224 524 2291 ab
546 2225 738 2311 coppositam
756 2225 855 2290 luisse
873 2225 907 2288 in
926 2223 1021 2289 rebus
1044 2221 1269 2310 geographicis
1287 2231 1321 2286 et
1340 2242 1392 2286 nt·

260 2328 417 2401 toralibus
436 2321 635 2415 explorandis
649 2352 794 2396 curame
815 2330 1000 2417 fragmentis
1017 2329 1193 2408 ceruimus,
1209 2339 1266 2407 ut,
1284 2329 1311 2392 si
1331 2348 1391 2414 quo

256 2432 332 2515 jure
349 2435 510 2500 Patrocles
527 2437 700 2501 Alexandri
723 2438 855 2502 comites
879 2435 1079 2501 insimulasse
1096 2433 1234 2514 dicitur,
1254 2456 1308 2500 eos
1326 2430 1392 2499 aa

261 2533 426 2625 δρομάδην
447 2536 615 2627 ἱστορῆσαι
635 2539 753 2607 {worn
765 2540 806 2626 ὅ),
828 2541 1012 2608 Aristobulo
1031 2540 1094 2606 hoc
1114 2541 1249 2604 levitatis
1275 2541 1391 2606 crimen

259 2641 413 2726 imputari
440 2641 690 2732 haudquaquam
707 2649 816 2734 possit.
849 2649 920 2713 Pari
941 2647 1081 2733 deniquo
1098 2644 1204 2711 studio
1224 2668 1299 2710 eum
1317 2667 1390 2710 con·
1425 2643 1428 2649 ’

258 2747 422 2833 scripsisse
445 2762 585 2833 constat,
608 2773 691 2839 quae
716 2753 936 2821 adumbranda
965 2764 997 2819 et
1022 2751 1209 2839 exponenda
1229 2753 1264 2818 in
1286 2751 1390 2839 primis

257 2853 318 2918 sibi
335 2866 561 2941 proposuerat,
576 2858 747 2925 Alexandri
764 2864 812 2942 ld,
831 2861 912 2926 adde
931 2860 999 2945 ejus
1017 2860 1209 2938 amicorum,
1229 2859 1391 2945 ingenium

258 2980 296 3023 ac
315 2981 436 3039 mores,
461 2962 579 3030 bellica
594 2968 728 3032 ¹consilia
745 2980 777 3033 et
800 2968 958 3046 facinora,
981 2967 1135 3054 privatam
1165 2986 1202 3031 ac
1229 2965 1390 3051 publicato

258 3065 366 3131 sitam.
390 3068 469 3131 Nam
486 3069 573 3155 quod
591 3070 742 3137 Arrianus
761 3095 836 3137 eum
862 3075 984 3138 siluisse
1004 3072 1101 3152 dicit,
1121 3070 1238 3138 Indum
1261 3071 1296 3139 fl.
1315 3093 1391 3158 quo·

258 3169 352 3233 modo
371 3171 551 3239 Alexander
570 3188 668 3262 ponte
689 3178 834 3261 junxerit
846 3177 885 3266 θ),
913 3178 946 3242 id
973 3179 1104 3268 quidem
1130 3178 1181 3242 vix
1205 3178 1239 3241 in
1263 3198 1390 3244 censum

258 3276 437 3349 vocandum
464 3301 526 3354 uec
552 3283 769 3371 negligentiae
803 3285 1012 3351 tribuendum
1034 3294 1093 3352 est.
1125 3284 1214 3350 Talia
1239 3286 1392 3371 optimum

258 3401 422 3470 quemque
450 3388 637 3472 scriptorem
661 3409 754 3475 saepe
785 3402 1010 3476 praetereunt,
1044 3391 1100 3477 qui
1137 3412 1200 3458 nou
1229 3392 1331 3479 magis
1360 3390 1393 3453 iu

263 3596 458 3608 ..ι-*-

291 3720 319 3786 1)
333 3721 434 3787 tuam·
451 3724 552 3800 xvtu,
569 3726 809 3795 xxxw-xxxu,
828 3721 945 3794 xxxix,
963 3728 1059 3792 xant,
1078 3726 1163 3778 xurx.

287 3807 318 3875 a)
332 3808 433 3874 raam.
451 3797 581 3877 mvn,
599 3813 740 3880 xxxvio,
757 3815 811 3873 xri.

290 3895 317 3963 3)
335 3897 432 3961 Frssm·
449 3896 524 3962 XIX,
541 3898 614 3964 xxi,
630 3899 721 3966 xxiv,
738 3898 1080 3966 xxxv-xxxvm,'xutt,
1097 3899 1140 3965 Ll,
1158 3896 1221 3954 Ltll.

291 3982 318 4047 A]
333 3984 373 4033 Cf.
393 3998 513 4055 euprap.
532 3982 566 4033 17
581 4002 624 4051 aq.

290 4066 317 4134 5)
335 4070 425 4122 Strabo
443 4073 468 4120 ll
481 4087 508 4137 p.
526 4069 577 4121 120
586 4072 612 4122 li.
625 4072 704 4123 Dictis
717 4072 857 4125 Aristobuli
868 4057 937 4123 favet
946 4071 1076 4133 Patrocles
1092 4089 1132 4138 ap.
1143 4072 1224 4137 strab,
1234 4072 1269 4122 Xl
1277 4089 1304 4137 p.
1316 4068 1391 4122 7760

257 4156 365 4230 (Pragm.
379 4152 465 4219 xlxi
499 4158 553 4214 lton
577 4157 660 4208 lesem
681 4164 768 4216 autent
785 4159 812 4208 lu
835 4158 911 4208 rebus
932 4158 1108 4226 geographicis
1132 4159 1313 4211 auctoritatem
1333 4156 1391 4207 huic

256 4242 366 4292 Patrocli
383 4243 474 4293 tribuit
491 4245 596 4308 Strabo,
614 4260 666 4308 quo
680 4250 745 4296 teate
765 4246 791 4296 11
809 4262 835 4313 p.
851 4243 902 4295 tto
917 4246 950 4309 G,
966 4262 1032 4310 quae
1049 4245 1185 4296 Alexandri
1199 4246 1274 4311 jussu
1292 4244 1392 4313 peritis-

256 4328 313 4377 simi
336 4329 433 4395 quique
455 4330 503 4379 viri
525 4330 558 4381 de
582 4331 660 4381 variis
685 4332 833 4395 regionibns
857 4333 1056 4404 exploravistent
1080 4338 1253 4399 accurateque
1279 4332 1392 4384 conscri-

216 4441 218 4444 .
256 4413 379 4479 pausent,
404 4431 433 4480 ea
457 4415 588 4467 Patrocles
608 4434 622 4467 a
643 4434 717 4481 garae
740 4416 873 4471 Praefecto
895 4420 1009 4470 Xenocle
1035 4424 1139 4487 accepta
1165 4419 1195 4470 iu
1216 4436 1291 4471 usum
1320 4433 1390 4470 suum

257 4501 392 4550 convertit.
410 4502 447 4553 Cf.
465 4502 497 4553 do
514 4519 546 4553 oo
562 4504 683 4569 {nubiger
695 4506 803 4560 ,Hondh
822 4507 847 4557 d.
866 4508 914 4558 ult.
935 4508 1058 4573 (ἔθηκ’-Ι
1076 4523 1102 4573 p.
1120 4504 1181 4560 157.

293 4585 551 4654 fflhhhdh
