3300 5600
780 623 846 689 raa.
894 715 897 722 ⁴

275 784 306 852 ita
315 802 390 855 certe
400 803 437 857 nt
448 793 563 859 Strabo
573 797 650 866 xlv
659 819 692 884 p
704 795 848 864 atecid
857 799 1020 862 mentione
1032 792 1164 882 dignum
1170 794 1376 880 judicaverit.

272 889 353 975 Icari,
382 897 423 962 ab
454 900 636 967 Alexandro
663 903 710 969 ita
742 902 940 982 nominatae,
978 890 1204 990 Ταυροπὸλιον
1234 905 1378 970 celebrat

271 995 376 1089 llionps.
395 1006 520 1094 Perieg.
538 1011 605 1074 610
625 1029 674 1095 sq.

413 1099 536 1199 ’Ῑκαρον
557 1109 709 1199 εἰναλίην,
732 1103 793 1177 der
818 1097 1046 1200 Ταυροπόλοιο
1068 1111 1166 1176 θεοῖο

419 1211 528 1297 βωμοί
549 1208 728 1302 mendenen
748 1205 885 1280 ἀδευκέα
905 1202 1025 1278 καπνὸν
1046 1204 1168 1294 ἔχουσι.

264 1304 300 1372 lle
333 1313 444 1381 eodem
478 1320 590 1404 paucis
624 1318 760 1384 absolvit
786 1319 901 1383 Strabo
928 1318 1177 1403 xvlp.1110
1207 1319 1249 1399 G,
1281 1320 1377 1407 νῆσον

262 1431 495 1488 commemorans
516 1411 643 1512 Ἰκάριον
666 1421 729 1509 (vel
745 1415 867 1512 Ἴκαρον
886 1423 959 1510 lege
978 1422 1026 1486 rel
1049 1412 1379 1541 1κριρίαν),καίιερόν

258 1506 590 1612 {reilluminare
600 1549 690 1616 αντη
703 1524 757 1592 καὶ
770 1530 920 1625 promotos
936 1515 1160 1615 Ταυροπόλου.
1171 1527 1218 1594 Cf.
1233 1528 1376 1595 Eustath.

256 1621 289 1688 ed
302 1627 426 1719 Dionys
443 1630 466 1698 l.
478 1631 501 1698 l.
514 1654 547 1718 p.
560 1632 639 1699 224.
662 1629 712 1696 Ad
728 1631 837 1697 locum
856 1629 995 1718 denique
1013 1631 1188 1696 Aristobuli
1198 1654 1323 1719 ,quem
1342 1637 1378 1700 in

252 1727 311 1799 titu
325 1735 409 1800 Icari
426 1735 647 1801 constituendo
664 1758 785 1803 errasse
802 1736 939 1802 ostendit
955 1737 1109 1824 Droysen.
1127 1737 1150 1804 l.
1171 1738 1193 1805 l.
1204 1740 1376 1818 ,conferri

247 1851 395 1922 possunt,
419 1862 502 1930 quae
517 1840 558 1906 de
576 1864 765 1929 caprarum,
780 1841 957 1931 dorcadum
967 1843 1178 1932 leporumque
1189 1846 1373 1927 venatione,

245 1937 363 2042 Dianae
372 1947 407 2011 in
426 1946 488 2014 hac
507 1946 612 2017 insula
629 1969 812 2030 sacrorum,
834 1949 933 2014 refert
954 1947 1105 2017 Aelianus
1124 1950 1163 2015 do
1180 1965 1251 2018 not.
1270 1954 1375 2018 onim.

289 2160 439 2245 llajorem
455 2148 611 2243 insulam,
629 2163 664 2227 in
678 2162 751 2227 sinu
769 2162 898 2228 Persico
916 2185 934 2227 a
952 2162 1178 2228 Macedonibus
1196 2177 1373 2251 repertam,

243 2265 337 2331 muln
357 2266 488 2354 Tyrum
504 2267 633 2349 dicunt,
657 2267 713 2333 sed
727 2268 938 2356 antiquissimi
956 2281 1110 2335 vocarunt
1129 2269 1269 2355 Tylom,
1294 2291 1374 2358 quo·

243 2371 337 2439 nodo
353 2375 450 2440 etiam
458 2373 697 2441 Artemidorum
713 2375 875 2462 scripsisse
886 2373 1065 2462 Stephanus
1081 2385 1215 2440 testatur
1226 2398 1257 2443 v.
1272 2370 1376 2463 Τύρος

243 2489 275 2541 ¹·
300 2480 381 2562 286,
406 2482 464 2548 26.
504 2482 595 2565 Quae
624 2482 760 2546 nominis
787 2483 979 2567 permutatio
1003 2493 1056 2547 est
1081 2504 1166 2568 cum,
1184 2481 1375 2547 Phoeniciae

243 2586 324 2650 lrbe
341 2589 442 2675 Tyro,
466 2608 564 2676 quam
585 2588 656 2675 Tpli
679 2587 804 2654 incolae
820 2594 911 2652 suam
933 2609 999 2652 esse
1020 2588 1182 2672 jactabant
1205 2589 1375 2656 coloniam.

243 2680 318 2760 Vid.
336 2694 442 2762 Strab.
460 2694 484 2762 l.
504 2694 528 2761 l.
544 2715 578 2780 p.
598 2697 686 2760 1110
703 2695 796 2781 Dsq.
819 2695 924 2759 Situm
940 2695 1010 2782 Tyli
1027 2693 1060 2763 d.
1077 2696 1101 2763 l.
1119 2696 1242 2760 Plinius
1254 2693 1374 2758 descri-

243 2793 309 2880 tit,
329 2801 520 2866 dissentiens
540 2824 559 2866 a
576 2802 746 2868 Strabone.
769 2801 817 2868 cf.
840 2802 994 2889 Dropsen.
1013 2802 1037 2870 l.
1057 2802 1082 2871 l.
1100 2803 1136 2867 In
1148 2801 1286 2866 Arabico
1303 2799 1374 2864 sinu

243 2905 323 2970 nale
334 2931 351 2972 a
362 2907 581 2994 Theophrasto
592 2919 625 2973 et
635 2909 739 2973 Plinio
749 2908 838 2977 XVI.
851 2909 895 2974 80
907 2908 1082 2994 reponitur,
1101 2906 1156 2971 sed
1172 2908 1274 2972 multo
1283 2905 1373 2992 pejus

243 3022 255 3066 t
283 3012 409 3078 sordido
433 3014 529 3078 Plinii
549 3015 776 3100 epitomatorc,
803 3014 931 3092 Selino,
951 3012 1144 3079 adscribitur
1169 3012 1292 3079 Indiae.
1324 3012 1400 3077 cf..

243 3106 372 3186 taletas.
393 3142 426 3205 p.
445 3122 523 3189 720.
548 3121 594 3185 lle
610 3120 733 3184 insulae
750 3120 934 3198 fertilitate,
954 3119 995 3184 ab
1012 3118 1197 3185 Aristobulo
1213 3120 1290 3183 item
1306 3118 1374 3182 lau·

243 3213 333 3303 lata,
357 3228 513 3292 nonnulla
544 3227 643 3291 refert
668 3225 790 3290 Plinius
813 3226 887 3293 XII.
909 3227 950 3290 21
975 3246 1067 3313 sqq.,
1092 3226 1206 3311 partim
1230 3246 1247 3288 e
1267 3225 1374 3289 Theo-

243 3330 370 3410 phrasto
391 3333 508 3419 petita,
532 3343 569 3399 ut
588 3330 727 3399 ostendit
744 3332 927 3401 Salmasius.

772 3527 840 3596 ιιι.
970 3489 975 3498 ’

283 3684 399 3751 Strabo
419 3686 497 3755 XVI
517 3706 551 3771 p.
575 3686 662 3750 1110
682 3685 720 3752 l).
750 3670 1065 3773 Ἀριστόβουλός
1081 3697 1180 3769 φησι,
1196 3670 1275 3754 τούς
1291 3679 1355 3746 Γ
1319 3699 1372 3767 ep

243 3787 356 3877 paloor
372 3812 415 3854 τα
404 3781 542 3855 πολλοὶ
565 3788 712 3873 σχεδίαις
733 3784 781 3863 εἰς
800 3810 858 3913 rep
878 3782 1088 3868 Βαβυλωνίαν
1109 3770 1371 3869 ἐμπορεύεσθαι,

243 3890 363 3958 ἐκεῖθεν
384 3890 422 3958 dd
441 3893 489 3977 τῷ
506 3883 663 3982 Εὐφράτῃ
679 3885 722 3959 aci
738 3889 864 3980 φορτία
878 3880 1080 3955 αναπλεῖν’
1048 3908 1097 3961 εις
1116 3875 1287 3973 Θάψακον,
1302 3873 1373 3949 εἶτα

243 3996 323 4082 αεζῇ
342 3992 541 4077 κομίζεσθαι
560 3987 676 4084 πάντη.

279 4100 475 4167 Adversatur
510 4101 544 4169 h.
580 4102 604 4169 l.
636 4100 839 4168 Aristobulus
875 4100 1024 4185 vulgatae
1058 4095 1099 4161 de
1134 4093 1371 4161 Gerrhaeorum

243 4218 420 4273 mercatura
445 4208 607 4294 opinioni,
639 4230 703 4295 qua
726 4208 947 4284 habebantur,
971 4214 1007 4269 ut
1026 4202 1141 4267 Strabo
1162 4200 1227 4277 ait,
1250 4193 1371 4277 πεζὲμ-

243 4334 338 4398 τοροι
359 4305 397 4377 rd
418 4311 519 4379 πλέον
538 4311 603 4377 τῶν
623 4303 784 4400 Ἀραβίων
805 4308 952 4400 φορτίων
972 4306 1027 4372 καί
1048 4298 1268 4393 οἷριομαιικῶν.
1297 4302 1371 4383 Quo

243 4438 332 4481 rensu
352 4418 448 4483 ctiam
467 4418 624 4485 Diodorus
645 4416 685 4481 de
705 4416 876 4483 Gerrhaeis
895 4414 1025 4500 exponit
1043 4413 1102 4479 IlI.
1124 4413 1178 4477 42.
1213 4406 1371 4475 Gerrlram

243 4515 388 4590 ibaldaei
404 4525 543 4590 tenuisse
561 4525 729 4604 feruntur,
754 4547 772 4589 e
788 4522 964 4609 Babylonia
983 4532 1134 4615 exportes.
1167 4516 1207 4581 In
1226 4513 1295 4598 ejus
1311 4514 1371 4576 rni-

243 4629 393 4695 ·abilihus
415 4643 624 4697 numerantur
641 4630 773 4710 domus,
799 4629 900 4696 eeale
918 4628 1039 4707 tactae,
1068 4636 1239 4721 turresque
1259 4642 1276 4684 e
1297 4619 1370 4684 salis

1199 4744 1217 4794 9
