3300 5600
801 579 844 639 53

268 741 675 829 leret,'Aristobulus'annos
688 761 778 814 natus
795 760 936 836 quatuor
953 759 984 812 et
995 748 1173 834 octogiuta,
1190 747 1278 833 quod
1297 751 1388 815 initio

275 854 557 919 commentariorum
584 868 715 922 testatus
738 879 805 921 esse
830 858 933 920 fertur
952 888 993 900 -
1014 857 1095 920 obiit
1117 856 1224 919 antero
1241 876 1391 942 ¹nonage-

278 961 349 1026 neno
364 960 463 1044 major
474 957 504 1046 ¹)¹
523 1000 564 1013 —
580 954 622 1024 nd
639 957 707 1025 κατ’
727 957 941 1048 Ἀλέξανδρον
965 963 1085 1046 scripto
1105 960 1260 1027 mandore
1272 963 1390 1047 coepit.

280 1060 353 1147 Nem,
370 1069 565 1153 quamquem
581 1088 641 1152 per
662 1077 800 1132 aetatem
818 1065 968 1151 profecto
985 1067 1096 1146 licuit,
1117 1069 1292 1151 posteriora
1305 1079 1392 1132 tem·

281 1189 416 1254 peronen
434 1175 666 1260 pertinctasee,
690 1172 746 1249 sed
767 1193 852 1258 quae
870 1171 912 1236 ad
939 1161 1111 1253 Διαδόχων
1131 1173 1273 1258 tempora
1292 1175 1392 1259 perti-

279 1290 371 1342 nerent
395 1280 515 1345 misisse
545 1278 688 1356 ridetur,
719 1278 779 1341 nisi
803 1276 891 1363 qood
911 1275 1063 1354 subinde,
1084 1276 1117 1340 id
1137 1298 1213 1342 nero
1234 1280 1392 1343 rarissime

278 1393 301 1447 et
319 1384 430 1465 obiter,
460 1386 494 1449 in
527 1385 698 1451 Alexandri
727 1383 861 1448 historia
896 1407 932 1449 ea
952 1381 1277 1469 :commemorarit²).
1313 1384 1394 1451 Gon-

275 1502 327 1569 or,
354 1490 556 1556 Aristobulus
592 1513 676 1579 quae
710 1491 759 1554 rel
800 1488 840 1554 ad
880 1489 1097 1556 Alexandrum
1126 1490 1231 1575 ipsum
1260 1493 1393 1576 propius

273 1597 455 1682 spectabant,
482 1598 534 1661 rel
563 1597 604 1662 ad
630 1599 776 1684 regiones
812 1597 853 1660 ab
880 1598 938 1661 illo
963 1595 1330 1683 petitaetsubaotasqnm
1358 1618 1395 1662 ea

273 1705 408 1768 emlinus
424 1707 624 1784 narratione,-
643 1706 677 1767 in
703 1704 853 1796 pluribus
869 1704 1006 1769 'leuasse
1025 1703 1133 1781 libris,
1145 1750 1147 1755 -
1158 1703 1263 1788 plene
1278 1703 1391 1766 saltem

267 1808 408 1896 loroque,
424 1811 582 1875 illustrata
609 1811 771 1896 esposuit,
793 1820 830 1873 ut
848 1810 936 1875 facili
959 1818 1055 1895 op'era
1081 1830 1098 1873 e
1119 1808 1303 1894 fragmentis
1321 1829 1394 1893 per-

261 1915 398 2000 spicitur.
423 1917 496 1999 Quo
515 1928 621 1981 autem
638 1916 733 1980 titulo
754 1917 972 1980 commentarii
985 1917 1033 1979 illi
1053 1913 1247 2000 prodierint,
1270 1915 1390 1996 frustra

260 2023 476 2107 quaesiveris..
499 2023 581 2088 Eum
611 2035 724 2087 tamen
755 2023 1044 2107 atero-prorime
1070 2021 1179 2085 abesse
1211 2032 1307 2105 puto,
1341 2022 1394 2086 cui

257 2115 401 2214 lonopr'ur
419 2125 499 2214 περὶ
512 2123 725 2214 Ἀλέξανδρον
740 2128 791 2190 rel
809 2124 890 2213 περὶ
909 2115 1118 2212 Ἀλεξάνδρου
1135 2126 1281 2211 inscripti
1295 2126 1393 2189 fuisso

256 2229 474 2316 rideantur2).
507 2232 610 2316 Hujus
638 2234 743 2318 operis
775 2253 860 2319 quae
882 2230 1002 2294 fuerint
1030 2228 1157 2309 laudes,
1188 2251 1271 2316 quae
1298 2216 1390 2309 sitia,

255 2337 356 2422 qualis
379 2337 509 2401 omnino
529 2339 627 2417 ratio,
643 2337 711 2421 jam
733 2339 884 2424 deinceps
904 2338 1130 2402 examinemus.

294 2443 333 2506 nt
354 2444 495 2529 primum
511 2444 668 2530 ¹(pridem,
688 2447 713 2508 si
732 2445 810 2532 quid
829 2468 850 2509 e=
869 2444 1013 2530 reliquiis
1032 2442 1252 2520 efficiendum,
1279 2455 1391 2529 sponte

253 2548 342 2614 nobis
363 2549 397 2612 in
418 2550 527 2614 oculos
544 2552 683 2616 incurrit
705 2550 889 2638 diligentia,
916 2571 1012 2636 quam
1031 2550 1064 2613 in
1086 2561 1149 2615 lota
1171 2551 1301 2615 historia
1318 2550 1393 2616 Ale·

253 2653 364 2718 randri
389 2655 565 2721 enarranda
586 2678 688 2742 paene
712 2659 909 2744 singularem
929 2667 1041 2721 auctor
1066 2655 1224 2724 adhibuit.
1259 2657 1392 2721 Monimo

253 2780 328 2828 nero
349 2760 431 2827 haec
447 2761 623 2828 Aristobuli
648 2764 747 2828 virtus
776 2765 884 2829 elucet
910 2764 943 2827 in
963 2763 1109 2828 locorum
1137 2754 1390 2849 regionumque,

253 2857 413 2953 quaesibi
431 2868 610 2934 Alexander
631 2870 778 2957 subegit,
799 2881 948 2935 accurata
969 2868 1193 2954 descriptione.
1229 2869 1390 2939 Excllasse

253 2974 389 3039 sufficiat
406 2996 489 3062 quae
501 2974 541 3039 de
559 2976 698 3043 Caucaso
715 2988 822 3041 monne
835 2975 882 3063 ⁴),
899 2967 982 3063 quae
995 2976 1036 3040 de
1046 2968 1240 3061 Hyrcaniae,
1260 2972 1389 3052 Indiae,

286 3225 312 3291 1)
331 3229 435 3281 Lucina.
452 3230 471 3279 1.
489 3229 508 3280 l.
521 3223 661 3298 'Pnaelerea
686 3230 717 3280 de
733 3234 835 3294 aetolo,
856 3239 906 3293 qtra
923 3230 983 3278 vixit
1005 3227 1185 3292 Aristobulus,
1196 3200 1393 3306 nullume'xstat

252 3310 389 3379 iudicium,
413 3316 462 3364 nisi
478 3316 547 3381 quod
571 3316 603 3366 de
626 3332 716 3382 pugne·
731 3333 755 3367 a.
777 3315 826 3365 3111
849 3318 881 3366 od
899 3319 986 3381 Ipsum
1005 3313 1144 3365 commissa
1158 3329 1216 3364 eum
1232 3305 1260 3363 in
1277 3303 1391 3362 Historiis

254 3400 329 3451 verbo
347 3402 437 3452 dixisse
452 3407 565 3469 apparet.
584 3403 641 3453 vie.
659 3404 757 3466 Fragm.
777 3404 889 3455 XLVIII.
1370 3459 1374 3466 ,

287 3485 315 3550 2)
334 3490 415 3538 Locus
440 3490 484 3553 qni
508 3490 559 3539 huc
583 3494 682 3556 spectet
698 3491 790 3540 unicus
807 3490 828 3538 is
847 3495 902 3554 est,
921 3504 997 3552 quem
1012 3487 1087 3537 modo
1102 3486 1233 3551 dicebam,
1251 3485 1283 3535 de
1294 3485 1390 3550 proelio

253 3577 264 3626 l
307 3575 356 3625 nsi.

264 3594 310 3730 Pb‘l
328 3662 377 3711 Illa
390 3661 554 3726 inscriptione
568 3676 592 3711 r.
609 3678 633 3711 o.
648 3677 708 3710 cum
721 3661 826 3734 Charete
841 3668 951 3713 nauseet
969 3660 1110 3711 Clitarchus
1128 3629 1233 3726 (Athen.
1251 3655 1286 3707 IV
1305 3674 1330 3724 p.
1340 3654 1391 3706 148

252 3750 285 3815 l),
303 3751 352 3799 Xll
370 3766 395 3815 p.
412 3746 464 3797 530
480 3748 512 3811 A,
530 3748 591 3796 x111
608 3763 633 3812 p.
652 3747 703 3797 586
720 3745 769 3812 D.);
788 3748 856 3797 bono
873 3748 944 3813 operi
962 3745 1125 3795 Aristobuleo
1142 3744 1278 3807 assignarit
1294 3743 1387 3793 lleers-

251 3852 316 3902 nus,
340 3835 372 3883 de
386 3835 469 3893 joon.
497 3834 569 3883 Plus.
594 3850 620 3898 p.
645 3832 687 3884 92.
712 3834 863 3883 Testimonie
883 3832 952 3900 apud
980 3833 1098 3897 antiquos
1115 3834 1142 3880 et
1159 3845 1215 3879 rara
1232 3828 1292 3878 'sunt
1308 3833 1336 3879 et
1352 3830 1392 3878 in·

250 3926 329 3973 certa.
355 3920 518 3984 Athenaeus,
543 3934 672 3985 apponere
695 3920 836 3985 librorum,
862 3935 876 3968 e
899 3919 993 3986 quibus
1010 3918 1111 3981 bausit,
1131 3916 1220 3965 titulos
1237 3915 1341 3980 solitus,
1358 3916 1386 3964 ln

248 4013 397 4067 Arlstobnlo
411 4015 443 4064 ab
461 4014 510 4064 hoc
527 4029 597 4063 more
615 4016 728 4090 recessit.
747 4014 832 4065 Semel⁴
848 4016 954 4083 (Fragm.
967 4009 1066 4079 XXVI.)
1082 3994 1221 4084 Ἱστορίας
1238 4012 1262 4059 ei
1273 4008 1385 4060 tribuere

249 4117 363 4182 utetur,
382 4118 496 4168 scribens
514 4133 521 4166 ε
540 4098 581 4179 ὠς
599 4100 735 4192 Λγγκειῖς
762 4094 782 4167 o‘
807 4098 922 4186 Σάμιός
949 4126 1040 4189 φησιν
1060 4101 1098 4170 ἕν’
1110 4105 1173 4178 τοῖς
1191 4095 1389 4183 Ἀπομνημο-

246 4201 375 4288 redeam
397 4204 446 4267 soi
463 4200 797 4291 Ἀριστόβουλος
821 4207 871 4272 καὶ
888 4200 999 4293 Χάρης
1019 4204 1051 4269 ἓν
1067 4208 1133 4281 ταῖς
1155 4191 1387 4287 lovaniense·

245 4327 309 4365 uam
322 4310 382 4370 ¹lrac
396 4306 468 4366 ,rone
485 4316 536 4362 tam
553 4312 695 4364 Aristobuli
712 4329 788 4380 qoem
805 4313 919 4364 Gbnretis
936 4312 1132 4364 commentarios
1148 4309 1247 4358 landari
1264 4307 1385 4372 conjicio.

243 4406 373 4460 mmo·
386 4379 605 4473 nihilquidquam
618 4379 721 4468 monet,
734 4409 798 4459 baec
809 4424 891 4474 pauca
901 4407 1029 4458 lucianus
1038 4409 1058 4458 l.
1070 4408 1109 4459 l.:
1126 4388 1182 4477 τήν
1195 4383 1388 4477 Ἱστορίαν

243 4490 392 4578 τέταρτον
409 4494 459 4556 καὶ
479 4492 680 4582 ὀγδοηκοστόν
699 4493 763 4573 ἐ’τος
782 4492 908 4579 γεγονώς
926 4491 1039 4582 ἤρξατο
1059 4490 1246 4581 συγγράφειν.

285 4595 312 4663 r)
331 4598 427 4664 rogo.
445 4600 523 4654 nvn.
