3300 5600
783 605 825 668 79

217 779 386 845 Hercules
406 779 463 844 ille
482 790 616 843 matrem
631 777 780 843 habuerit
798 778 884 843 Dorii
897 777 1014 858 filiam,
1029 799 1111 865 quae
1122 779 1219 866 vulgo
1230 756 1367 858 Statira.

216 884 330 951 semel
349 884 489 974 (Fragm.
498 882 632 972 xm.)
645 883 776 951 Barsine
785 884 977 972 appelletur,
989 884 1121 952 ductam
1131 887 1172 951 ab
1181 882 1366 952 Alexandro

217 991 286 1060 01.
303 993 417 1061 culn.
438 993 469 1057 4.
489 989 596 1058 Aetati
613 990 764 1079 quidem,
784 1013 849 1078 qua
864 991 1019 1056 Hercules
1036 993 1193 1058 interiisse
1210 990 1367 1057 aJustino

218 1097 363 1180 dicitur,
380 1099 493 1177 fateor,
513 1097 597 1162 bene
616 1097 678 1163 bao
697 1097 883 1182 conjectura
907 1097 1105 1179 consulitur;
1127 1098 1183 1164 sed
1201 1094 1368 1164 Plutarchi

220 1203 249 1271 Ι.
279 1206 306 1274 l.
330 1216 362 1271 et
379 1204 495 1270 Justini
510 1204 813 1272 XI.10testimonia
828 1202 868 1268 do
884 1215 984 1269 matre
1002 1205 1151 1269 Herculis
1170 1215 1235 1270 tam
1252 1202 1370 1269 diserta

221 1324 329 1393 sunt,
353 1322 391 1377 ut
406 1309 598 1376 dubitationi
617 1310 725 1375 nullus
743 1312 783 1375 sit
802 1310 904 1378 locus.
928 1311 1052 1375 Novum
1073 1321 1181 1377 autem
1197 1330 1370 1397 argumen-

220 1425 304 1483 tum
329 1418 512 1507 Muetuellio
539 1415 601 1481 hoo
627 1417 687 1495 sit,
719 1414 807 1502 quod
828 1417 1002 1481 Memnonis
1022 1416 1078 1481 illa
1094 1413 1192 1481 vidua
1212 1415 1370 1481 interiisse

223 1523 330 1590 simul
354 1532 429 1590 com
462 1522 528 1587 filio
558 1533 708 1589 narratur
728 1522 781 1589 01.
800 1523 928 1592 CXVII.
949 1526 988 1603 4,
1007 1522 1095 1587 Darii
1114 1520 1179 1587 filio
1194 1521 1285 1586 brevi
1301 1521 1371 1606 jam

221 1643 307 1713 post
329 1631 454 1696 obitum
475 1626 668 1708 Alexandri,
701 1651 720 1693 a
742 1629 876 1721 Roxane
900 1650 1023 1695 veneno
1042 1628 1174 1695 sublata.
1197 1627 1272 1699 vid.
1292 1628 1371 1693 Plu-

223 1737 337 1806 tarch.
357 1734 398 1805 V
393 1738 438 1803 τί.
457 1731 558 1803 Αίια.
578 1735 737 1804 ixxvll.

275 1845 322 1910 At
345 1863 457 1908 vereor
479 1863 522 1906 ne
552 1839 672 1907 diutius
703 1861 759 1907 nos
788 1842 929 1908 tenuerit
957 1844 1104 1908 Herculis
1135 1840 1284 1922 historia;
1315 1838 1371 1905 sed

226 1948 416 2038 tangendus
454 1958 525 2014 erat
559 1960 591 2013 et
621 1947 809 2013 refutandus
841 1970 932 2014 error
964 1948 1154 2028 Muetzellii,
1184 1948 1238 2014 oui
1263 1968 1371 2012 ansam

226 2056 410 2139 praebebat
436 2054 614 2121 Aristobuli
639 2052 680 2120 de
711 2055 842 2121 Barsine
870 2056 1026 2136 narrat103
1059 2053 1100 2119 de
1124 2074 1190 2142 qua
1214 2060 1312 2120 re'stat
1334 2065 1373 2119 ut

227 2164 347 2244 paucis
372 2183 527 2228 moneam.
555 2161 663 2232 Verba
694 2162 778 2227 enim
811 2158 865 2225 καὶ
885 2152 925 2226 τό
946 2149 1078 2240 κάλλος,
1112 2162 1203 2224 unois
1229 2161 1370 2240 inclusa,

228 2268 333 2358 vulgo
347 2268 457 2356 spuria
474 2267 567 2333 video
584 2267 707 2337 haberi.
730 2267 905 2334 Immerito.
929 2265 1130 2331 Aristobnlus
1142 2265 1258 2352 procul
1269 2264 1370 2331 dubio

227 2368 273 2435 iis
300 2397 374 2442 usus
401 2385 465 2455 est,
497 2360 553 2438 sed
575 2373 662 2462 apud
695 2373 907 2439 Plutarchum
929 2372 964 2435 in
993 2371 1133 2436 alienum
1163 2371 1272 2437 locum
1300 2382 1374 2436 sunt

228 2473 368 2552 intrusa.
410 2483 479 2547 Hoc
513 2481 581 2545 fero
609 2480 704 2546 modo
734 2480 831 2546 scribi
866 2477 1052 2544 debuerat.
1074 2473 1129 2541 καί
1159 2468 1216 2543 τόν
1250 2465 1376 2564 τρόπον

229 2573 376 2675 ἕντιουνῆς
408 2575 488 2652 οὖσα
520 2583 575 2651 καὶ
599 2577 639 2650 τό
672 2574 804 2671 nemost,
836 2581 891 2649 καὶ
915 2573 1096 2671 πατρόςκ.
1122 2602 1151 2646 τ.
1179 2579 1209 2646 λ.
1243 2581 1350 2647 Tum
1340 2603 1374 2646 ιιι

228 2692 446 2780 ⁸eqneutibus
468 2690 581 2756 iisdem
603 2691 732 2777 egregie
758 2687 930 2776 respondet
955 2681 1069 2776 καλῆς,
1101 2697 1205 2812 prout
1230 2682 1375 2773 γενναίας

226 2801 386 2866 convenit
413 2801 558 2886 apprimo
580 2798 673 2863 alteri
693 2795 733 2862 de
749 2796 882 2863 Barsine
902 2793 1023 2861 dioto:
1045 2788 1103 2860 τόν
1126 2786 1249 2881 τρόπον
1275 2787 1376 2856 ἐπιει-

221 2887 299 2982 ἠς
310 2891 400 2971 οόσα.
421 2904 487 2971 Alii
506 2902 705 2972 emendant:
724 2901 839 2992 καλῆς,
855 2897 910 2965 καὶ
925 2889 1018 2987 nop6
1033 2920 1071 2964 το
1063 2884 1204 2968 κάλλος
1220 2888 1374 2979 γενναίας.

776 3102 834 3169 XI.

285 3281 408 3351 brriau.
431 3283 492 3351 111.
517 3285 550 3350 3.
574 3286 614 3362 3,
640 3284 678 3361 4,
703 3283 737 3348 6.
760 3274 873 3403 Μέχρι
900 3274 958 3358 μὲν
979 3266 1020 3363 δη
1041 3267 1263 3361 Παραιτονίου
1284 3260 1377 3357 παρὰ

210 3368 459 3456 ³660an
436 3410 489 3476 pos
518 3378 560 3454 δι
588 3375 725 3510 ἐρήμου,
758 3373 798 3450 06
817 3378 928 3494 μέντοι
950 3368 992 3443 δι’
1013 3365 1152 3463 οίνόδρου
1173 3376 1229 3463 τῆς
1250 3362 1375 3461 χώρας,

210 3485 426 3567 σταδίους
407 3512 442 3567 ες
457 3487 583 3575 χιλίους
598 3511 653 3553 και
642 3482 873 3607 ἑξακοσίους,
890 3472 937 3556 69
951 3478 1037 3566 λέγει
1057 3465 1376 3595 Ἀριστόβουλος.

207 3556 466 3661 ὶἦντεῦδενδ
428 3591 466 3660 66
493 3592 527 3669 ἐς
552 3583 610 3682 τῆν
635 3580 810 3677 μεσόγαιαν
838 3574 1015 3703 ἐτράπετο,
1036 3577 1090 3648 ἵνα
1111 3571 1150 3645 τό
1171 3581 1321 3694 μαντεῖον
1340 3564 1378 3665 ἦν

207 3689 329 3763 ²06’'
327 3706 502 3783 Αμμωνος.
516 3685 605 3763 ’Ἐστι
625 3688 699 3760 66’
685 3683 788 3782 ερὴμη
810 3711 848 3756 τε
862 3715 883 3778 η
873 3678 991 3768 6669,
1005 3684 1060 3751 καὶ
1078 3675 1219 3803 ψόμμος
1234 3707 1255 3770 η
1246 3671 1378 3767 πολλῆ

208 3792 354 3909 Ψυνης,
382 3799 437 3868 καί
465 3790 613 3889 όνινδρος.
633 3789 737 3884 Ὑδωρ
766 3794 804 3860 66
829 3791 864 3874 ἐξ
892 3782 1032 3881 οὐρανοῦ
1057 3775 1263 3874 Ἀλεξάνδρῳ
1292 3772 1378 3849 πολι)

209 3880 374 3984 ⁸3pr-
388 3900 551 3971 καὶτοῦτο
563 3901 598 3978 ἐς
608 3893 648 3968 τό
661 3903 755 3966 θεῖον
769 3888 940 3986 ἀνηνέχθη.
951 3884 1046 3981 Ἀνην
1048 3886 1209 3980 έχθηδδἸ
1191 3879 1381 3963 εςτδδεῖον

213 4007 294 4077 ²²66
313 3996 409 4074 τόδε·
430 3995 547 4090 ἄνομος
566 3995 661 4079 νότος
681 3993 763 4069 ἐπδν
783 3988 907 4086 πνεόσῃ
929 3994 963 4063 ἐν
983 3992 1092 4079 ἐκείνῳ
1114 4016 1161 4161 τιρ
1184 3979 1298 4079 χώρῳ,
1320 3987 1380 4076 τῆς

215 4102 384 4198 Ψόμμου
412 4106 582 4232 ἐπιφορεῖη
599 4098 680 4173 κατὰ
705 4105 763 4195 τῆς
788 4096 870 4172 6606
898 4098 955 4168 ἐπὶ
980 4096 1075 4184 μέγα,
1104 4093 1159 4162 καλ
1187 4086 1380 4183 ἀφανίζεται

217 4215 298 4307 ῐῇς
319 4204 402 4281 6606
421 4205 464 4279 τοί
484 4213 615 4301 σημεῖα,
637 4202 751 4278 0666'
736 4204 823 4275 ebore
844 4202 980 4285 εἰδέναι,
1002 4199 1056 4269 ἵνα
1075 4223 1138 4289 χρη
1129 4186 1379 4321 πορεύεσθαι,

221 4307 442 4440 θερθόπερ’
424 4340 457 4383 ιν
482 4304 633 4402 πελάγει,
661 4313 704 4403 τῇ
722 4302 871 4432 ψρίμμῳ,
893 4301 945 4375 ὅτι
965 4307 1110 4427 [σημεῖα]
1132 4293 1189 4369 οόκ
1209 4294 1279 4367 ἔστι
1299 4292 1381 4364 κατὰ

223 4414 297 4510 ἰἡν
324 4411 401 4486 ὁδόν
426 4408 501 4486 οότο
527 4440 593 4485 που
620 4406 713 4507 όρος,
736 4405 812 4483 οότε
833 4412 974 4501 δένδρον,
997 4400 1071 4476 οότι
1091 4397 1231 4498 γήλοφοι
1251 4400 1381 4488 βέβαιοι

228 4512 463 4644 ᾆνεσρηνότις,
490 4514 627 4591 οἷστισιν
653 4517 686 4587 οἱ
715 4507 823 4593 ὁδίται
847 4512 1070 4602 τεκμαίροιντο
1096 4502 1136 4576 δν
1155 4500 1212 4597 τὴν
1232 4504 1381 4619 πορείαν,

230 4616 397 4715 καθάπερ
419 4623 453 4694 ολ
472 4624 583 4695 vatam
603 4627 673 4701 τοῖς
694 4612 838 4709 ἄστροις.
855 4609 945 4687 ”Αλλ
962 4616 1121 4685 ἐπλανᾶτο
1136 4608 1201 4742 νόρ
1213 4602 1233 4699 ἦ
1246 4595 1382 4698 στρατιοί
