3300 5600
807 591 848 653 46

256 786 374 852 quum,
395 773 432 827 ut
451 762 505 839 lit,
524 761 742 846 gratissimum
751 762 834 827 illud
854 774 887 828 et
905 762 1024 830 lethale
1041 767 1180 853 pectoris
1194 768 1304 831 vulnus
1317 769 1363 832 lor·

254 883 450 954 tassepaene
468 867 696 932 obliteravisset
713 869 843 932 alterius
868 870 980 956 plagae
1004 872 1176 949 momoria,
1197 871 1275 936 adeo
1291 871 1358 935 levis

254 989 291 1042 ut
317 985 444 1062 praeter
471 973 582 1057 capitis
606 974 815 1058 vertiginem,
837 996 907 1053 mox
927 976 1085 1056 sedatam,
1106 976 1285 1042 Alexander
1305 975 1362 1040 nihi

255 1083 330 1147 moli
361 1103 399 1144 ex
428 1100 465 1142 ea
494 1100 602 1163 passus
629 1100 695 1142 esse
731 1079 888 1149 videatur.
932 1083 999 1147 Neo
1029 1083 1155 1171 negarit
1187 1084 1363 1148 Ptolemaeo.

256 1189 365 1253 clavae
387 1187 507 1264 ictum,
530 1196 654 1250 tantum
673 1207 737 1251 uon
758 1189 954 1257 memorarit.

763 1414 897 1482 XXIII.-

299 1605 422 1672 Atrion.
445 1603 503 1673 vl.
529 1605 582 1670 ll.
606 1603 640 1671 8.
665 1593 711 1667 Td
740 1593 782 1690 dri
806 1599 957 1687 μέγιστον
984 1601 1204 1692 πλημμέλημα
1230 1602 1294 1669 τῶν
1315 1603 1363 1690 ξυγ

255 1697 451 1797 γραψάπισν
468 1699 512 1769 coi
532 1697 620 1794 ἀμφὶ
638 1695 854 1791 Ἀλέξανδρον
873 1702 971 1770 ἐκεῖνο
991 1703 1128 1788 τίθεμαι
1152 1702 1265 1793 ἔγωγε.
1288 1713 1363 1772 llas

255 1812 432 1893 λεμαῑον
446 1803 506 1896 γὰρ
526 1801 597 1874 τὸν
614 1799 729 1893 Λᾰγο
740 1833 759 1872 v
779 1802 865 1874 ἔστιν
884 1807 915 1873 o‘l
930 1799 1119 1898 ἀνέγραψαν
1132 1807 1363 1898 ξυναναβῆναλι

256 1903 464 1999 Ἀλεξάνδρῳ
485 1903 567 1975 κατα
584 1903 641 2000 την
659 1909 798 1992 κλίμακα
817 1905 901 1992 ὁμοῦ
924 1909 1112 1998 Πευκέστᾳ,
1134 1910 1188 1977 καλ
1204 1908 1363 2002 ὑπερασπι

257 2036 314 2081 σαι
332 2013 494 2099 κειμένου,
515 2012 568 2078 καλ
587 2007 645 2080 ἐπὶ
663 2013 749 2097 cnido
767 2013 946 2102 Σωτῆρα
965 2011 1178 2103 ἐπικληθῆναι
1195 2008 1270 2082 τόν
1288 2021 1363 2081 Huc

256 2119 458 2201 λεμαῖον·
493 2114 598 2182 καίτοι
626 2107 725 2190 αὐτὸς
753 2115 1035 2197 Πτολεμαῖος
1064 2108 1288 2206 ἀναγέγραφεν
1315 2107 1363 2183 odd

254 2219 503 2311 παραγενέσθαι
520 2211 624 2303 emicat
643 2219 691 2303 τῷ
710 2213 814 2306 ἔργῳ·
834 2210 916 2283 ἄλλα
937 2219 1091 2308 στρατιᾶς
1108 2211 1170 2308 γὰρ
1191 2209 1363 2310 αὕτόςῆγσέ

255 2345 352 2407 μενος
371 2315 474 2398 ἄλλας
491 2314 660 2406 μάχεσθαι
678 2311 787 2406 μάχας
803 2320 859 2385 καὶ
880 2314 966 2409 πρὸς
985 2313 1103 2398 ἄλλους
1119 2314 1320 2413 βαρβάρους.

300 2680 427 2747 Curtius
462 2678 518 2743 lx.
550 2681 583 2744 5.
613 2677 668 2744 21.
702 2677 940 2757 Ptolemaeum,
974 2680 1036 2765 qni
1068 2692 1183 2763 posteo
1212 2680 1360 2770 regnavit

256 2788 337 2853 lenio
359 2808 497 2873 pugnae
513 2779 676 2867 affuisse,
700 2796 886 2848 auctorest
906 2783 1105 2850 Clitarchus
1124 2799 1156 2850 et
1176 2787 1363 2877 Timagenes

256 2893 322 2961 Sed
347 2896 437 2979 ipae,
455 2890 590 2954 seilicet
608 2889 746 2977 gloriae
762 2914 842 2954 anne
860 2914 927 2955 non
941 2890 1162 2978 refragatus,
1184 2894 1316 2981 afuisse
1331 2912 1359 2956 ιι

256 3004 402 3067 misenen
419 3002 458 3062 in
480 2996 743 3083 expeditionem,
761 3000 943 3061 memoriae
967 2998 1133 3067 tradidit.

299 3108 377 3172 Cum
398 3104 557 3170 Clitarcho
580 3114 610 3168 et
621 3105 792 3191 Timagene
809 3104 931 3169 faciunt
951 3105 1113 3173 Plutarch.
1134 3106 1231 3172 Orat.
1242 3108 1281 3172 de
1292 3103 1363 3173 Ana

257 3218 288 3282 1.
309 3216 350 3289 2,
375 3213 418 3278 ΙΙ.
451 3214 511 3288 13,
533 3222 564 3274 et
591 3211 758 3274 Pausanias
781 3211 807 3276 l.
829 3214 860 3278 6.
882 3213 923 3289 2,
953 3214 1009 3297 qui
1031 3224 1137 3275 tamen
1161 3214 1362 3302 alibilverior

255 3330 404 3397 narrant,
423 3317 518 3384 hiel.
542 3317 564 3384 l.
588 3320 620 3381 8.
642 3321 682 3396 6,
703 3318 760 3380 ille
782 3316 820 3385 V
818 3319 858 3382 it.
878 3316 976 3383 Alea.
994 3319 1115 3397 LXlll,
1141 3320 1197 3383 ubi
1218 3313 1363 3385 Alexand!

254 3436 428 3490 servatores
453 3423 577 3486 nonnisi
598 3424 783 3488 Peucestam
802 3425 943 3488 nominat
964 3435 995 3487 et
1015 3424 1217 3503 Limnaeum,
1244 3449 1303 3511 pro
1323 3440 1363 3512 qu

254 3533 382 3600 Curtius
406 3530 428 3594 l.
455 3530 476 3594 l.
507 3532 546 3593 15
572 3528 749 3593 Timaeum
769 3529 952 3606 substituit,
973 3551 1010 3593 ex
1031 3529 1091 3593 hoc
1114 3534 1294 3619 ceterisque
1312 3531 1363 3597 Plt

256 3637 359 3705 turchi
386 3636 464 3699 locis
493 3635 719 3702 emendandus.
753 3635 901 3700 Ceterum
931 3635 1097 3700 Plutarchi
1123 3660 1159 3702 ca
1183 3648 1229 3701 est
1254 3641 1287 3703 in
1313 3650 1363 3726 pot

255 3742 487 3831 pugnatoribus
523 3741 695 3806 Alexandri
729 3741 929 3806 recensendis
957 3742 1183 3823 inconstantia,
1221 3754 1258 3809 ut
1295 3735 1363 3811 moc‘

254 3852 449 3934 Leonnatum
477 3848 617 3927 omittat,
642 3847 735 3913 modo
767 3849 864 3913 etiam
893 3850 1096 3929 Peucestam,
1125 3871 1223 3937 quem
1242 3851 1363 3917 univer:

254 3939 428 4042 antiquitas
448 3951 646 4018 Alexandri
663 3954 711 4020 M.
731 3952 947 4021 Serootorem
964 3955 1147 4023 celebravit.
1172 3955 1246 4024 vid.
1263 3958 1363 4023 Arria?

255 4062 278 4129 l.
300 4060 323 4128 l.
347 4063 365 4125 'i
388 4070 419 4123 et
445 4059 528 4127 Plin.
552 4061 594 4125 H.
613 4058 657 4125 Ν.
678 4058 826 4130 XXXIV.
859 4064 911 4125 19.
943 4058 977 4126 6.
1015 4063 1141 4127 «Tanta
1167 4060 1223 4150 (ait
1244 4063 1363 4131 Curtiu

256 4166 514 4252 componentium
541 4178 661 4232 vetusta
687 4189 796 4231 rerum
828 4179 1031 4232 monumenta
1062 4169 1112 4232 vel
1140 4170 1292 4233 securitas
1323 4193 1360 4236 ve

255 4296 313 4360 par
329 4272 406 4336 huic
425 4273 555 4352 vitium,
584 4273 757 4339 credulitas
784 4274 881 4339 fuit.»
917 4273 1056 4338 Tandem
1079 4274 1119 4339 de
1139 4276 1312 4341 Ptolemaei
1336 4301 1363 4344 ct

253 4380 422 4465 gnomine,
445 4380 535 4462 cujus
556 4402 650 4468 supra
668 4403 701 4467 p.
723 4384 762 4446 15
782 4381 975 4445 mentionem
1001 4382 1082 4459 feci,
1109 4382 1363 4471 Stephanus-By:

255 4508 288 4571 p.
314 4487 401 4565 219,
427 4487 469 4549 37
491 4505 521 4552 v.
548 4476 730 4573 Ὀξυδράκαι
762 4486 822 4575 (Cf.
850 4487 990 4555 Aristob.
1020 4488 1145 4574 Fragm.
1172 4485 1267 4574 XLI.)
1293 4484 1363 4555 ἔθα

253 4582 385 4672 letata,
403 4592 520 4679 inquit,
542 4578 608 4679 ὑφ’
629 4579 674 4657 ὦν
694 4581 804 4668 σώσας
816 4587 1029 4681 Ἀλέξανδρον
1049 4591 1254 4678 Πτολεμαῖος
1275 4599 1363 4681 Ense
