3300 5600
774 583 858 643 75·

239 757 386 826 ietl.11.
412 760 482 843 up.
513 753 655 841 3sqq.)‚
679 778 697 818 a
723 777 773 819 mc
800 754 932 841 quidem
957 777 1049 820 nemo
1080 736 1289 843 exspectabit,
1319 771 1357 823 ut

240 863 274 926 el
301 865 462 951 proferunt
489 883 569 927 nove
599 860 648 924 vel
668 859 726 925 diu
751 859 865 924 iisdem
893 860 1056 929 immorer.
1098 863 1255 945 Quoniam
1280 885 1355 928 vero

239 968 447 1035 iristobulum
465 966 669 1034 tractandum
690 965 770 1032 mihi
790 967 927 1052 sumpsi,
953 969 1133 1055 principem
1151 968 1359 1057 Sardanapali

239 1077 423 1140 nocumenti
441 1085 627 1152 auctorem,
650 1072 760 1160 aliqua
777 1084 865 1139 certe
886 1071 1098 1157 explicatione
1117 1073 1269 1161 hic'opus
1288 1098 1355 1140 esse

239 1178 360 1249 idetur.
390 1183 506 1269 ltaque
527 1189 600 1267 post
614 1179 772 1245 Ilaekium
787 1199 921 1257 moneo,
941 1176 1005 1243 duo
1026 1179 1103 1244 olim
1122 1181 1219 1247 fuisse
1242 1181 1355 1248 Sarda-

239 1289 329 1373 tapali
348 1299 572 1367 monumenta,
600 1287 756 1364 alterum,
788 1283 992 1370 sepulcrum,
1023 1306 1086 1349 non
1112 1288 1227 1371 procul
1256 1289 1354 1370 Nino,

239 1407 323 1480 trope
336 1393 515 1487 Anchialen
533 1395 598 1457 sive
614 1390 808 1458 Anchialum
829 1377 977 1458 alterum.
1001 1391 1175 1479 Utriusque
1189 1395 1357 1481 inscriptio

242 1502 412 1566 ententiam
436 1500 548 1566 retulit
566 1497 941 1591 aliquatenussimilem,
971 1496 1027 1562 sed
1053 1498 1139 1564 Ninii
1161 1501 1358 1588 epigramma

239 1598 393 1672 ibaldaioo
411 1628 557 1672 sermone
572 1627 755 1692 expressum
772 1605 856 1683 luit,
873 1602 1042 1670 Anchialei
1059 1604 1238 1692 Assyriaoo.
1268 1606 1357 1673 Illud

239 1730 267 1776 ιι
284 1712 439 1800 Amyntae
464 1712 634 1793 Σταθμοῖς
660 1711 796 1776 serravit
821 1708 1004 1776 Athenaeus
1020 1709 1076 1776 XII
1093 1734 1125 1798 p.
1144 1713 1210 1778 529
1228 1714 1269 1794 Il,
1289 1717 1355 1779 530

239 1816 302 1885 het
320 1820 455 1885 metrice
476 1818 704 1903 interpretatus
728 1838 795 1881 esse
814 1817 918 1881 fertur
934 1817 1099 1884 Choerilus
1118 1819 1286 1902 lossensis,
1311 1821 1357 1886 ita
1374 1869 1377 1874 -

239 1946 289 1991 ere
312 1936 349 1991 ut
373 1925 493 2011 legitur
518 1934 587 1988 tum
615 1923 692 1988 alibi
712 1933 781 1988 tum
800 1922 887 2009 apud
906 1921 1023 1990 Athen.
1041 1923 1120 1995 VIII
1140 1948 1174 2011 p.
1194 1926 1303 1993 336h
1324 1940 1357 1991 et

239 2031 327 2099 itrab.
347 2033 372 2098 I.
392 2031 428 2112 l.;
441 2029 498 2096 sed
508 2030 639 2108 Strabo,
657 2051 754 2116 quem
773 2030 920 2116 sequitur
939 2023 1118 2116 Stephanus
1134 2033 1212 2120 Byr.
1223 2054 1261 2101 α.
1278 2022 1357 2119 Ἀν-

239 2126 313 2225 ςιᾶλρ
339 2161 374 2224 p.
400 2138 463 2217 12,
492 2138 554 2216 26,
577 2138 780 2223 Assyriacum
809 2146 841 2200 et
867 2134 1075 2203 Chaldaicum
1103 2136 1270 2226 deinceps,
1295 2159 1357 2203 nec

240 2244 389 2326 istincte,
419 2243 558 2310 exhibet.
590 2242 844 2309 Celebratissima
871 2263 947 2307 vero
972 2254 1019 2307 est
1051 2242 1218 2310 Anchialei
1243 2267 1356 2310 monn·

239 2353 319 2417 renti
336 2351 503 2437 inscriptio
521 2359 554 2423 et
574 2348 719 2433 plurimis
731 2348 941 2435 scriptoribus
959 2361 1105 2436 recepta,
1125 2373 1266 2438 quorum
1284 2373 1356 2416 rur·

239 2479 270 2524 ua
280 2457 368 2524 haud
387 2447 481 2544 pauci
492 2453 701 2522 Anchialeam
717 2478 777 2541 pro
792 2456 886 2521 Ninia
898 2452 1118 2537 venditarunt,
1133 2457 1265 2523 Suidam
1282 2456 1357 2522 dico

239 2551 542 2651 ,Σαρδανάπαλους
556 2562 606 2627 ΠΙ
618 2585 651 2649 p.
665 2564 743 2643 287,
761 2561 911 2627 Photium
921 2585 953 2648 p.
967 2566 1044 2644 500,
1060 2567 1112 2645 11,
1125 2562 1263 2652 Hesych.
1275 2565 1308 2629 11
1323 2586 1356 2650 p.

240 2671 308 2736 153
324 2665 389 2755 (cd.
406 2664 557 2755 hibern),
569 2658 715 2754 A'postol.
729 2669 834 2739 XVII.
855 2671 915 2748 26,
926 2669 1022 2737 duct.
1040 2672 1128 2758 App.
1146 2671 1268 2737 Prone.
1290 2668 1355 2760 (ed.

240 2774 357 2842 eutsch
376 2785 408 2839 et
424 2771 590 2863 Schneid.)
613 2775 671 2845 IV.
689 2777 732 2842 68
749 2797 781 2861 p.
804 2777 890 2854 450,
914 2775 1033 2863 quihus
1052 2776 1127 2842 addi
1142 2779 1244 2864 possit
1259 2776 1356 2841 Arse·

239 2884 288 2949 ius
307 2904 341 2970 p.
369 2882 434 2948 426
458 2902 507 2969 sq.
538 2883 678 2948 Naelsius
698 2905 730 2970 p.
752 2885 816 2948 237
840 2905 911 2970 sqq.
936 2898 1090 2970 peracute
1109 2883 1356 2971 quadruplicem

239 2988 437 3056 scansionem
453 2986 622 3077 distinguit
641 3008 649 3054 ε
671 2990 806 3076 primam
828 2988 1024 3070 Aristobuli,
1051 2991 1184 3055 alteram
1210 2990 1354 3070 Arriani,

239 3095 344 3161 trtiam
363 3094 528 3177 Clearchi,
548 3106 696 3183 quartam
716 3093 858 3182 demque
878 3095 1008 3165 Suidae.
1040 3096 1136 3162 Nobis
1157 3118 1231 3187 oum
1251 3096 1356 3161 omni-

239 3225 276 3270 uo
294 3224 345 3267 res
363 3212 503 3268 nonest.
535 3202 638 3268 Unam
657 3203 785 3268 Arriani
802 3204 1023 3267 recensionem
1045 3205 1176 3289 propius
1195 3204 1356 3290 spectabi-

239 3332 287 3376 rus
299 3320 332 3374 et
346 3329 423 3374 cum
437 3307 576 3395 genuina
586 3309 704 3387 forma,
724 3309 765 3373 ah
781 3307 1119 3394 hristohqu'prodita,
1141 3309 1353 3377 conferemus.

258 3418 348 3510 Haec
372 3415 473 3502 igitur
500 3425 576 3480 sunt
603 3416 731 3480 Arriani
764 3416 861 3479 verba
887 3415 933 3483 Il.
959 3420 993 3484 5.
1024 3420 1072 3481 3:
1101 3408 1147 3482 Td
1168 3415 1276 3503 μνῆμα
1296 3413 1357 3481 τοῦ

239 3516 476 3618 ἀρδαναπάλου
506 3517 599 3612 typis
632 3514 670 3614 ἦν
706 3526 771 3594 τῶν
807 3525 923 3610 τειχῶν
963 3526 1023 3615 τῆς
1061 3515 1236 3612 Ἀγχιάλου
1265 3545 1273 3561 ·
1301 3521 1357 3587 καὶ

239 3629 315 3714 hdo
336 3626 521 3725 ἐφειστήκει
546 3628 598 3703 ἐπ’
627 3629 717 3722 αὐτῷ
739 3627 1011 3728 Σαρδανάπαλος,
1039 3626 1271 3724 σομβεβληκολς
1296 3624 1356 3707 τοὶς

239 3751 328 3838 εἴρας
354 3737 519 3834 ἀλλήλαις,
548 3741 594 3821 ὠς
618 3736 760 3830 μάλιστα
788 3746 822 3824 ἐς
849 3736 967 3836 κρότον
998 3736 1245 3830 συμβάλλονται.
1274 3742 1355 3809 Falli

239 3855 268 3920 ic
291 3852 464 3919 Arriannm
493 3853 543 3916 vol
563 3852 631 3937 ejus
660 3864 845 3933 auctorem,
871 3864 959 3918 recte
979 3851 1058 3916 vidit
1076 3850 1214 3917 Naekius
1236 3873 1269 3937 p.
1287 3850 1354 3913 249

239 3982 290 4048 qq.
313 3960 412 4040 Nam,
426 3970 462 4024 ut
472 3959 676 4026 Aristobulus
686 3959 782 4025 docet
792 3959 880 4045 apud
891 3959 1080 4025 Strabonem
1096 3969 1128 4022 et
1137 3957 1349 4035 Athenaeum,

239 4066 289 4134 rbi
305 4068 435 4131 omuino
452 4062 686 4134 emendandum
707 4078 754 4131 est
772 4054 1017 4152 ἀποκροτοῦντα
1033 4086 1092 4151 pro
1109 4058 1352 4150 ἐπικρατοῦντα)

239 4184 321 4239 ntua
345 4171 551 4259 Sardanapali
572 4195 635 4237 non
658 4195 768 4238 manus
790 4170 904 4235 habuit
935 4171 1130 4255 complosas,
1155 4166 1211 4232 sed
1238 4167 1353 4255 digitos

239 4281 359 4360 ollisos,
377 4278 519 4345 medinm
535 4291 616 4365 puta
631 4290 663 4343 et
677 4279 846 4364 pollicem,
869 4287 901 4340 et
921 4275 1054 4341 dextrae
1072 4274 1205 4362 quidem
1223 4287 1350 4342 manust

240 4387 341 4455 nistra
359 4398 466 4452 autem
490 4387 568 4452 item
588 4396 695 4451 erecta
712 4384 857 4450 indicare
874 4371 977 4447 odilo
992 4379 1172 4461 videbatur,
1187 4383 1222 4445 in
1238 4381 1355 4447 inscri-

239 4498 520 4563 tionememorata.
541 4492 628 4559 Illud
648 4492 835 4580 comprobat
857 4492 951 4556 etiam
971 4490 1083 4556 Suidas
1104 4512 1111 4553 :
1135 4476 1353 4576 Τὸἐφεσταλς

239 4606 261 4691 'pi
270 4598 409 4691 μνήματι
420 4596 550 4692 ἄγαλμα
563 4598 648 4694 ὑπὲρ
671 4604 729 4692 τῆς
750 4601 897 4691 κεφαλῆς
920 4596 992 4684 ἔχον
1013 4593 1075 4675 τοὶς·
1087 4602 1196 4687 χεῖρας
1213 4592 1352 4680 πεποίη-
