<?xml version="1.0" encoding="UTF-8"?>
<!DOCTYPE html PUBLIC "-//W3C//DTD XHTML 1.0 Transitional//EN"
    "http://www.w3.org/TR/xhtml1/DTD/xhtml1-transitional.dtd">
<html xmlns="http://www.w3.org/1999/xhtml" xml:lang="en" lang="en">
 <head>
  <title>
</title>
<meta http-equiv="Content-Type" content="text/html;charset=utf-8" />
  <meta name='ocr-system' content='tesseract 3.04.00' />
  <meta name='ocr-capabilities' content='ocr_page ocr_carea ocr_par ocr_line ocrx_word'/>
</head>
<body>
  <div class='ocr_page' id='page_1' title='image "./ptolemaeieordae00ptolgoog/ptolemaeieordae00ptolgoog_0042.png"; bbox 0 0 3300 5600; ppageno 0'>
   <div class='ocr_carea' id='block_1_1' title="bbox 794 525 885 616">
    <p class='ocr_par' dir='ltr' id='par_1_1' title="bbox 794 525 885 616">
     <span class='ocr_line' id='line_1_1' title="bbox 794 525 885 616; baseline 0 -21"><span class='ocrx_word' id='word_1_1' title='bbox 794 525 885 616; x_wconf 77' lang='grc' dir='ltr'><strong>ιιι</strong></span> 
     </span>
    </p>
   </div>
   <div class='ocr_carea' id='block_1_2' title="bbox 295 657 1427 1075">
    <p class='ocr_par' dir='ltr' id='par_1_2' title="bbox 295 657 1427 1075">
     <span class='ocr_line' id='line_1_2' title="bbox 295 657 1427 792; baseline 0 -21"><span class='ocrx_word' id='word_1_2' title='bbox 295 700 389 786; x_wconf 67' lang='grc' dir='ltr'><strong>ιἰιιοι·</strong></span> <span class='ocrx_word' id='word_1_3' title='bbox 407 706 452 771; x_wconf 83' lang='lat' dir='ltr'><strong>ira</strong></span> <span class='ocrx_word' id='word_1_4' title='bbox 467 702 686 770; x_wconf 71' lang='lat' dir='ltr'><strong>:confirmatur</strong></span> <span class='ocrx_word' id='word_1_5' title='bbox 711 703 844 791; x_wconf 71' lang='lat' dir='ltr'><strong>egregie</strong></span> <span class='ocrx_word' id='word_1_6' title='bbox 863 657 1075 769; x_wconf 81' lang='lat' dir='ltr'><strong>lrocdiserto</strong></span> <span class='ocrx_word' id='word_1_7' title='bbox 1091 703 1245 789; x_wconf 86' lang='lat' dir='ltr'><strong>ejusdem.</strong></span> <span class='ocrx_word' id='word_1_8' title='bbox 1261 703 1427 792; x_wconf 89' lang='lat' dir='ltr'><strong>scriptoris</strong></span> 
     </span>
     <span class='ocr_line' id='line_1_3' title="bbox 295 804 1427 892; baseline 0.001 -16"><span class='ocrx_word' id='word_1_9' title='bbox 295 804 936 892; x_wconf 46' lang='lat' dir='ltr'><strong>monitopurulentumser-omibus·</strong></span> <span class='ocrx_word' id='word_1_10' title='bbox 964 807 1077 885; x_wconf 75' lang='lat' dir='ltr'><strong>indiae</strong></span> <span class='ocrx_word' id='word_1_11' title='bbox 1103 808 1297 889; x_wconf 76' lang='lat' dir='ltr'><strong>:dominibus</strong></span> <span class='ocrx_word' id='word_1_12' title='bbox 1315 811 1427 877; x_wconf 82' lang='lat' dir='ltr'><strong>solius</strong></span> 
     </span>
     <span class='ocr_line' id='line_1_4' title="bbox 301 934 856 1075; baseline 0 -105"><span class='ocrx_word' id='word_1_13' title='bbox 301 936 404 1075; x_wconf 24' lang='lat' dir='ltr'><strong>:flitr-</strong></span> <span class='ocrx_word' id='word_1_14' title='bbox 433 934 713 1074; x_wconf 36' lang='grc' dir='ltr'><strong>ἸΙ.,,...,’.,..1.,ι(.,-,;Ι(’.</strong></span> <span class='ocrx_word' id='word_1_15' title='bbox 800 944 815 969; x_wconf 80' lang='grc' dir='ltr'><strong>ιι</strong></span> <span class='ocrx_word' id='word_1_16' title='bbox 852 963 856 971; x_wconf 87' lang='grc'><strong>,</strong></span> 
     </span>
    </p>
   </div>
   <div class='ocr_carea' id='block_1_3' title="bbox 225 1132 1431 4651">
    <p class='ocr_par' dir='ltr' id='par_1_3' title="bbox 225 1132 1431 4651">
     <span class='ocr_line' id='line_1_5' title="bbox 293 1132 1426 1203; baseline 0.002 -20"><span class='ocrx_word' id='word_1_17' title='bbox 293 1132 420 1203; x_wconf 74' lang='grc' dir='ltr'><strong>ιιιοιιίοίι,</strong></span> <span class='ocrx_word' id='word_1_18' title='bbox 430 1145 497 1198; x_wconf 70' lang='lat' dir='ltr'><strong>qne</strong></span> <span class='ocrx_word' id='word_1_19' title='bbox 511 1132 648 1199; x_wconf 68' lang='lat' dir='ltr'><strong>dicutur,</strong></span> <span class='ocrx_word' id='word_1_20' title='bbox 656 1134 766 1198; x_wconf 61' lang='lat' dir='ltr'><strong>mentio</strong></span> <span class='ocrx_word' id='word_1_21' title='bbox 781 1138 809 1186; x_wconf 88' lang='lat' dir='ltr'><strong>st</strong></span> <span class='ocrx_word' id='word_1_22' title='bbox 821 1133 963 1185; x_wconf 75' lang='lat' dir='ltr'><strong>amicornm</strong></span> <span class='ocrx_word' id='word_1_23' title='bbox 973 1132 1252 1185; x_wconf 71' lang='lat' dir='ltr'><strong>conmemdinslesior</strong></span> <span class='ocrx_word' id='word_1_24' title='bbox 1265 1132 1350 1187; x_wconf 72' lang='lat' dir='ltr'><strong>molto</strong></span> <span class='ocrx_word' id='word_1_25' title='bbox 1361 1133 1426 1185; x_wconf 77' lang='lat' dir='ltr'><strong>nos·</strong></span> 
     </span>
     <span class='ocr_line' id='line_1_6' title="bbox 293 1218 1424 1286; baseline -0.004 -13"><span class='ocrx_word' id='word_1_26' title='bbox 293 1219 355 1286; x_wconf 72' lang='lat' dir='ltr'><strong>bt.¹</strong></span> <span class='ocrx_word' id='word_1_27' title='bbox 370 1220 475 1286; x_wconf 66' lang='lat' dir='ltr'><strong>deutra,</strong></span> <span class='ocrx_word' id='word_1_28' title='bbox 493 1219 517 1269; x_wconf 91' lang='lat' dir='ltr'><strong>si</strong></span> <span class='ocrx_word' id='word_1_29' title='bbox 532 1218 627 1284; x_wconf 79' lang='lat' dir='ltr'><strong>lilsrnnr</strong></span> <span class='ocrx_word' id='word_1_30' title='bbox 645 1221 664 1271; x_wconf 88' lang='lat' dir='ltr'><strong>l·</strong></span> <span class='ocrx_word' id='word_1_31' title='bbox 677 1223 792 1286; x_wconf 75' lang='lat' dir='ltr'><strong>spectas,</strong></span> <span class='ocrx_word' id='word_1_32' title='bbox 806 1219 885 1285; x_wconf 65' lang='lat' dir='ltr'><strong>longe</strong></span> <span class='ocrx_word' id='word_1_33' title='bbox 902 1219 954 1273; x_wconf 80' lang='lat' dir='ltr'><strong>slis</strong></span> <span class='ocrx_word' id='word_1_34' title='bbox 965 1234 1007 1271; x_wconf 89' lang='lat' dir='ltr'><strong>res</strong></span> <span class='ocrx_word' id='word_1_35' title='bbox 1022 1223 1072 1271; x_wconf 85' lang='lat' dir='ltr'><strong>est.</strong></span> <span class='ocrx_word' id='word_1_36' title='bbox 1088 1219 1169 1284; x_wconf 86' lang='lat' dir='ltr'><strong>liujus</strong></span> <span class='ocrx_word' id='word_1_37' title='bbox 1182 1224 1213 1269; x_wconf 90' lang='lat' dir='ltr'><strong>ut</strong></span> <span class='ocrx_word' id='word_1_38' title='bbox 1226 1218 1312 1285; x_wconf 88' lang='lat' dir='ltr'><strong>potior</strong></span> <span class='ocrx_word' id='word_1_39' title='bbox 1325 1234 1385 1285; x_wconf 85' lang='lat' dir='ltr'><strong>pars</strong></span> <span class='ocrx_word' id='word_1_40' title='bbox 1398 1219 1424 1269; x_wconf 88' lang='lat' dir='ltr'><strong>in</strong></span> 
     </span>
     <span class='ocr_line' id='line_1_7' title="bbox 293 1303 1423 1370; baseline 0 -16"><span class='ocrx_word' id='word_1_41' title='bbox 293 1304 370 1354; x_wconf 83' lang='lat' dir='ltr'><strong>bellis</strong></span> <span class='ocrx_word' id='word_1_42' title='bbox 384 1304 539 1369; x_wconf 84' lang='lat' dir='ltr'><strong>proeliisque</strong></span> <span class='ocrx_word' id='word_1_43' title='bbox 553 1304 727 1356; x_wconf 85' lang='lat' dir='ltr'><strong>describendis</strong></span> <span class='ocrx_word' id='word_1_44' title='bbox 743 1310 868 1368; x_wconf 65' lang='lat' dir='ltr'><strong>versatnrr</strong></span> <span class='ocrx_word' id='word_1_45' title='bbox 886 1306 921 1354; x_wconf 87' lang='lat' dir='ltr'><strong>ita</strong></span> <span class='ocrx_word' id='word_1_46' title='bbox 937 1309 993 1354; x_wconf 90' lang='lat' dir='ltr'><strong>toto</strong></span> <span class='ocrx_word' id='word_1_47' title='bbox 1013 1304 1061 1353; x_wconf 93' lang='lat' dir='ltr'><strong>illo</strong></span> <span class='ocrx_word' id='word_1_48' title='bbox 1079 1303 1145 1353; x_wconf 88' lang='lat' dir='ltr'><strong>libro</strong></span> <span class='ocrx_word' id='word_1_49' title='bbox 1160 1304 1282 1355; x_wconf 84' lang='lat' dir='ltr'><strong>Arrianus</strong></span> <span class='ocrx_word' id='word_1_50' title='bbox 1299 1314 1423 1370; x_wconf 74' lang='lat' dir='ltr'><strong>nusquam</strong></span> 
     </span>
     <span class='ocr_line' id='line_1_8' title="bbox 225 1384 1424 1456; baseline 0.001 -16"><span class='ocrx_word' id='word_1_51' title='bbox 225 1384 228 1393; x_wconf 52' lang='lat'><strong><em>¹</em></strong></span> <span class='ocrx_word' id='word_1_52' title='bbox 294 1390 434 1440; x_wconf 87' lang='lat' dir='ltr'><strong>Aristobnli</strong></span> <span class='ocrx_word' id='word_1_53' title='bbox 449 1391 578 1454; x_wconf 76' lang='lat' dir='ltr'>meminit,</span> <span class='ocrx_word' id='word_1_54' title='bbox 595 1391 640 1440; x_wconf 90' lang='lat' dir='ltr'><strong>ssd</strong></span> <span class='ocrx_word' id='word_1_55' title='bbox 655 1390 732 1441; x_wconf 87' lang='lat' dir='ltr'><strong>unies</strong></span> <span class='ocrx_word' id='word_1_56' title='bbox 747 1391 779 1440; x_wconf 82' lang='lat' dir='ltr'><strong>ad</strong></span> <span class='ocrx_word' id='word_1_57' title='bbox 793 1390 932 1442; x_wconf 77' lang='lat' dir='ltr'><strong>Ptolemaei</strong></span> <span class='ocrx_word' id='word_1_58' title='bbox 945 1391 1123 1440; x_wconf 86' lang='lat' dir='ltr'><strong>auctoritatem</strong></span> <span class='ocrx_word' id='word_1_59' title='bbox 1137 1394 1267 1456; x_wconf 77' lang='lat' dir='ltr'><strong>provocat.</strong></span> <span class='ocrx_word' id='word_1_60' title='bbox 1293 1391 1383 1455; x_wconf 71' lang='lat' dir='ltr'><strong>Neque</strong></span> <span class='ocrx_word' id='word_1_61' title='bbox 1398 1390 1424 1440; x_wconf 81' lang='lat' dir='ltr'><strong>id</strong></span> 
     </span>
     <span class='ocr_line' id='line_1_9' title="bbox 292 1474 1423 1543; baseline 0.001 -18"><span class='ocrx_word' id='word_1_62' title='bbox 292 1476 356 1525; x_wconf 84' lang='lat' dir='ltr'><strong>adeo</strong></span> <span class='ocrx_word' id='word_1_63' title='bbox 371 1474 471 1528; x_wconf 89' lang='lat' dir='ltr'><strong>mirum.</strong></span> <span class='ocrx_word' id='word_1_64' title='bbox 498 1478 570 1543; x_wconf 81' lang='lat' dir='ltr'><strong>Quod</strong></span> <span class='ocrx_word' id='word_1_65' title='bbox 585 1477 653 1528; x_wconf 86' lang='lat' dir='ltr'><strong>enim</strong></span> <span class='ocrx_word' id='word_1_66' title='bbox 668 1476 700 1526; x_wconf 89' lang='lat' dir='ltr'><strong>da</strong></span> <span class='ocrx_word' id='word_1_67' title='bbox 717 1475 863 1526; x_wconf 72' lang='lat' dir='ltr'><strong>Aristobulo</strong></span> <span class='ocrx_word' id='word_1_68' title='bbox 881 1492 929 1526; x_wconf 89' lang='lat' dir='ltr'><strong>nec</strong></span> <span class='ocrx_word' id='word_1_69' title='bbox 946 1481 1045 1526; x_wconf 88' lang='lat' dir='ltr'><strong>certum</strong></span> <span class='ocrx_word' id='word_1_70' title='bbox 1063 1482 1164 1526; x_wconf 89' lang='lat' dir='ltr'><strong>estnec</strong></span> <span class='ocrx_word' id='word_1_71' title='bbox 1181 1476 1333 1541; x_wconf 76' lang='lat' dir='ltr'><strong>verisimile,</strong></span> <span class='ocrx_word' id='word_1_72' title='bbox 1350 1477 1377 1527; x_wconf 89' lang='lat' dir='ltr'><strong>id</strong></span> <span class='ocrx_word' id='word_1_73' title='bbox 1394 1477 1423 1526; x_wconf 88' lang='lat' dir='ltr'><strong>de</strong></span> 
     </span>
     <span class='ocr_line' id='line_1_10' title="bbox 290 1556 1424 1629; baseline -0.002 -15"><span class='ocrx_word' id='word_1_74' title='bbox 290 1561 437 1614; x_wconf 74' lang='lat' dir='ltr'><strong>Ptelemdee</strong></span> <span class='ocrx_word' id='word_1_75' title='bbox 461 1556 588 1626; x_wconf 70' lang='grc' dir='ltr'><strong>οοιϊοιιι,</strong></span> <span class='ocrx_word' id='word_1_76' title='bbox 601 1556 670 1612; x_wconf 80' lang='lat' dir='ltr'><strong>inde·</strong></span> <span class='ocrx_word' id='word_1_77' title='bbox 686 1577 700 1611; x_wconf 91' lang='grc' dir='ltr'><strong>ι</strong></span> <span class='ocrx_word' id='word_1_78' title='bbox 723 1563 805 1629; x_wconf 74' lang='lat' dir='ltr'><strong>prims</strong></span> <span class='ocrx_word' id='word_1_79' title='bbox 820 1561 984 1628; x_wconf 73' lang='lat' dir='ltr'><strong>expeditione</strong></span> <span class='ocrx_word' id='word_1_80' title='bbox 1005 1576 1063 1611; x_wconf 88' lang='lat' dir='ltr'><strong>eum</strong></span> <span class='ocrx_word' id='word_1_81' title='bbox 1087 1560 1204 1611; x_wconf 80' lang='lat' dir='ltr'><strong>omnihus</strong></span> <span class='ocrx_word' id='word_1_82' title='bbox 1219 1563 1273 1612; x_wconf 82' lang='lat' dir='ltr'><strong>t&#39;sre</strong></span> <span class='ocrx_word' id='word_1_83' title='bbox 1291 1561 1424 1612; x_wconf 81' lang='lat' dir='ltr'><strong>Alexandri</strong></span> 
     </span>
     <span class='ocr_line' id='line_1_11' title="bbox 291 1644 1423 1714; baseline 0 -16"><span class='ocrx_word' id='word_1_84' title='bbox 291 1646 368 1698; x_wconf 76' lang='lat' dir='ltr'><strong>telins</strong></span> <span class='ocrx_word' id='word_1_85' title='bbox 387 1649 465 1713; x_wconf 59' lang='lat' dir='ltr'><strong>gestis</strong></span> <span class='ocrx_word' id='word_1_86' title='bbox 488 1644 663 1714; x_wconf 78' lang='lat' dir='ltr'><strong>praesentem</strong></span> <span class='ocrx_word' id='word_1_87' title='bbox 673 1648 833 1710; x_wconf 71' lang='lat' dir='ltr'><strong>interfuisse,</strong></span> <span class='ocrx_word' id='word_1_88' title='bbox 856 1648 985 1698; x_wconf 86' lang='lat' dir='ltr'><strong>interdum</strong></span> <span class='ocrx_word' id='word_1_89' title='bbox 1006 1648 1082 1696; x_wconf 88' lang='lat' dir='ltr'><strong>etiarn</strong></span> <span class='ocrx_word' id='word_1_90' title='bbox 1098 1649 1155 1711; x_wconf 90' lang='lat' dir='ltr'><strong>ejus</strong></span> <span class='ocrx_word' id='word_1_91' title='bbox 1169 1648 1244 1712; x_wconf 81' lang='lat' dir='ltr'><strong>jnsru</strong></span> <span class='ocrx_word' id='word_1_92' title='bbox 1259 1648 1359 1698; x_wconf 87' lang='lat' dir='ltr'><strong>bellurn</strong></span> <span class='ocrx_word' id='word_1_93' title='bbox 1375 1649 1423 1698; x_wconf 86' lang='lat' dir='ltr'><strong>alio</strong></span> 
     </span>
     <span class='ocr_line' id='line_1_12' title="bbox 292 1728 1423 1799; baseline 0.002 -15"><span class='ocrx_word' id='word_1_94' title='bbox 292 1735 460 1784; x_wconf 71' lang='lat' dir='ltr'><strong>transtulisse.</strong></span> <span class='ocrx_word' id='word_1_95' title='bbox 484 1733 583 1798; x_wconf 71' lang='lat' dir='ltr'><strong>Verbo,</strong></span> <span class='ocrx_word' id='word_1_96' title='bbox 601 1732 662 1783; x_wconf 87' lang='lat' dir='ltr'><strong>libri</strong></span> <span class='ocrx_word' id='word_1_97' title='bbox 676 1735 689 1782; x_wconf 92' lang='lat' dir='ltr'><strong>l</strong></span> <span class='ocrx_word' id='word_1_98' title='bbox 704 1739 883 1798; x_wconf 63' lang='lat' dir='ltr'><strong>tegumentum</strong></span> <span class='ocrx_word' id='word_1_99' title='bbox 899 1733 933 1783; x_wconf 85' lang='lat' dir='ltr'><strong>ab</strong></span> <span class='ocrx_word' id='word_1_100' title='bbox 950 1728 1058 1782; x_wconf 81' lang='lat' dir='ltr'><strong>Arrlrrro</strong></span> <span class='ocrx_word' id='word_1_101' title='bbox 1075 1733 1208 1782; x_wconf 81' lang='lat' dir='ltr'><strong>maximam</strong></span> <span class='ocrx_word' id='word_1_102' title='bbox 1223 1739 1322 1799; x_wconf 83' lang='lat' dir='ltr'><strong>partem</strong></span> <span class='ocrx_word' id='word_1_103' title='bbox 1338 1733 1423 1786; x_wconf 76' lang='lat' dir='ltr'><strong>el’to·</strong></span> 
     </span>
     <span class='ocr_line' id='line_1_13' title="bbox 292 1807 1423 1885; baseline 0 -16"><span class='ocrx_word' id='word_1_104' title='bbox 292 1819 383 1869; x_wconf 71' lang='lat' dir='ltr'><strong>hmaei</strong></span> <span class='ocrx_word' id='word_1_105' title='bbox 400 1807 588 1868; x_wconf 82' lang='lat' dir='ltr'><strong>cornmentariis</strong></span> <span class='ocrx_word' id='word_1_106' title='bbox 602 1835 748 1884; x_wconf 89' lang='lat' dir='ltr'><strong>expressum</strong></span> <span class='ocrx_word' id='word_1_107' title='bbox 768 1836 835 1870; x_wconf 88' lang='lat' dir='ltr'><strong>reor.</strong></span> <span class='ocrx_word' id='word_1_108' title='bbox 855 1821 906 1870; x_wconf 83' lang='lat' dir='ltr'><strong>.Ci.</strong></span> <span class='ocrx_word' id='word_1_109' title='bbox 929 1820 1033 1870; x_wconf 76' lang='lat' dir='ltr'><strong>Geisrns</strong></span> <span class='ocrx_word' id='word_1_110' title='bbox 1054 1836 1079 1885; x_wconf 89' lang='lat' dir='ltr'><strong>p.</strong></span> <span class='ocrx_word' id='word_1_111' title='bbox 1099 1818 1142 1869; x_wconf 87' lang='grc'><strong>78.</strong></span> <span class='ocrx_word' id='word_1_112' title='bbox 1172 1819 1245 1884; x_wconf 80' lang='lat' dir='ltr'><strong>Quod</strong></span> <span class='ocrx_word' id='word_1_113' title='bbox 1264 1834 1318 1869; x_wconf 91' lang='lat' dir='ltr'><strong>non</strong></span> <span class='ocrx_word' id='word_1_114' title='bbox 1335 1820 1423 1869; x_wconf 85' lang='lat' dir='ltr'><strong>dubito</strong></span> 
     </span>
     <span class='ocr_line' id='line_1_14' title="bbox 292 1905 1423 1971; baseline 0.002 -17"><span class='ocrx_word' id='word_1_115' title='bbox 292 1906 356 1971; x_wconf 87' lang='lat' dir='ltr'><strong>quin</strong></span> <span class='ocrx_word' id='word_1_116' title='bbox 371 1909 487 1971; x_wconf 87' lang='lat' dir='ltr'><strong>apertum</strong></span> <span class='ocrx_word' id='word_1_117' title='bbox 510 1906 591 1969; x_wconf 84' lang='lat' dir='ltr'><strong>ieret,</strong></span> <span class='ocrx_word' id='word_1_118' title='bbox 609 1907 630 1955; x_wconf 87' lang='lat' dir='ltr'><strong>si</strong></span> <span class='ocrx_word' id='word_1_119' title='bbox 645 1905 735 1956; x_wconf 80' lang='lat' dir='ltr'><strong>Strabo</strong></span> <span class='ocrx_word' id='word_1_120' title='bbox 752 1912 779 1956; x_wconf 88' lang='lat' dir='ltr'><strong>et</strong></span> <span class='ocrx_word' id='word_1_121' title='bbox 798 1905 967 1970; x_wconf 72' lang='lat' dir='ltr'>Plutarchus,</span> <span class='ocrx_word' id='word_1_122' title='bbox 985 1911 1015 1956; x_wconf 87' lang='lat' dir='ltr'><strong>nt</strong></span> <span class='ocrx_word' id='word_1_123' title='bbox 1029 1922 1100 1955; x_wconf 90' lang='lat' dir='ltr'><strong>nuno</strong></span> <span class='ocrx_word' id='word_1_124' title='bbox 1116 1910 1227 1970; x_wconf 84' lang='lat' dir='ltr'><strong>aterque</strong></span> <span class='ocrx_word' id='word_1_125' title='bbox 1242 1907 1321 1956; x_wconf 86' lang='lat' dir='ltr'><strong>semel</strong></span> <span class='ocrx_word' id='word_1_126' title='bbox 1338 1905 1423 1958; x_wconf 87' lang='lat' dir='ltr'><strong>Ptole-</strong></span> 
     </span>
     <span class='ocr_line' id='line_1_15' title="bbox 291 1981 1422 2059; baseline 0.001 -19"><span class='ocrx_word' id='word_1_127' title='bbox 291 1984 536 2041; x_wconf 81' lang='lat' dir='ltr'><strong>rneenn&#39;r&#39;anetorem</strong></span> <span class='ocrx_word' id='word_1_128' title='bbox 552 1982 672 2058; x_wconf 59' lang='lat' dir='ltr'><strong>‘landant5</strong></span> <span class='ocrx_word' id='word_1_129' title='bbox 692 1983 767 2059; x_wconf 76' lang='lat' dir='ltr'><strong>pluro</strong></span> <span class='ocrx_word' id='word_1_130' title='bbox 788 1981 929 2056; x_wconf 61' lang='lat' dir='ltr'><strong>lraprneuta</strong></span> <span class='ocrx_word' id='word_1_131' title='bbox 945 1994 1003 2057; x_wconf 87' lang='lat' dir='ltr'><strong>ejnr</strong></span> <span class='ocrx_word' id='word_1_132' title='bbox 1018 1993 1121 2041; x_wconf 86' lang='lat' dir='ltr'><strong>nomine</strong></span> <span class='ocrx_word' id='word_1_133' title='bbox 1143 1992 1301 2057; x_wconf 78' lang='lat' dir='ltr'><strong>proterrent,</strong></span> <span class='ocrx_word' id='word_1_134' title='bbox 1321 1992 1422 2056; x_wconf 81' lang='lat' dir='ltr'><strong>quibus·</strong></span> 
     </span>
     <span class='ocr_line' id='line_1_16' title="bbox 292 2064 1423 2144; baseline 0.003 -20"><span class='ocrx_word' id='word_1_135' title='bbox 292 2064 663 2142; x_wconf 74' lang='lat' dir='ltr'><strong>enm-Arriani&#39;deteriptiones</strong></span> <span class='ocrx_word' id='word_1_136' title='bbox 681 2081 785 2143; x_wconf 85' lang='lat' dir='ltr'><strong>possent</strong></span> <span class='ocrx_word' id='word_1_137' title='bbox 801 2079 959 2144; x_wconf 67' lang='lat' dir='ltr'><strong>compereris</strong></span> <span class='ocrx_word' id='word_1_138' title='bbox 977 2078 1004 2127; x_wconf 89' lang='lat' dir='ltr'><strong>id</strong></span> <span class='ocrx_word' id='word_1_139' title='bbox 1018 2078 1088 2142; x_wconf 89' lang='lat' dir='ltr'><strong>qnod</strong></span> <span class='ocrx_word' id='word_1_140' title='bbox 1104 2093 1174 2127; x_wconf 89' lang='lat' dir='ltr'><strong>nunc</strong></span> <span class='ocrx_word' id='word_1_141' title='bbox 1192 2077 1234 2126; x_wconf 85' lang='lat' dir='ltr'><strong>rel</strong></span> <span class='ocrx_word' id='word_1_142' title='bbox 1253 2076 1356 2127; x_wconf 86' lang='lat' dir='ltr'><strong>duobus</strong></span> <span class='ocrx_word' id='word_1_143' title='bbox 1375 2077 1423 2127; x_wconf 87' lang='lat' dir='ltr'><strong>illis</strong></span> 
     </span>
     <span class='ocr_line' id='line_1_17' title="bbox 291 2150 1423 2230; baseline 0.002 -20"><span class='ocrx_word' id='word_1_144' title='bbox 291 2150 677 2229; x_wconf 66' lang='lat' dir='ltr'><strong>loelssgressieedmprobatnr.</strong></span> <span class='ocrx_word' id='word_1_145' title='bbox 706 2165 775 2230; x_wconf 75' lang='lat' dir='ltr'><strong>Quis</strong></span> <span class='ocrx_word' id='word_1_146' title='bbox 796 2165 867 2215; x_wconf 87' lang='lat' dir='ltr'><strong>enim</strong></span> <span class='ocrx_word' id='word_1_147' title='bbox 888 2174 920 2214; x_wconf 85' lang='lat' dir='ltr'><strong>ex</strong></span> <span class='ocrx_word' id='word_1_148' title='bbox 935 2164 1082 2216; x_wconf 84' lang='lat' dir='ltr'><strong>Ptolemaeo</strong></span> <span class='ocrx_word' id='word_1_149' title='bbox 1102 2163 1134 2213; x_wconf 86' lang='lat' dir='ltr'><strong>de</strong></span> <span class='ocrx_word' id='word_1_150' title='bbox 1158 2162 1274 2212; x_wconf 83' lang='lat' dir='ltr'><strong>Triballis</strong></span> <span class='ocrx_word' id='word_1_151' title='bbox 1291 2163 1423 2213; x_wconf 69' lang='lat' dir='ltr'><strong>debellatis</strong></span> 
     </span>
     <span class='ocr_line' id='line_1_18' title="bbox 291 2245 1422 2317; baseline 0.004 -21"><span class='ocrx_word' id='word_1_152' title='bbox 291 2245 384 2297; x_wconf 71' lang='lat' dir='ltr'><strong>Strabo</strong></span> <span class='ocrx_word' id='word_1_153' title='bbox 397 2249 500 2299; x_wconf 77' lang='lat' dir='ltr'><strong>eoseiss</strong></span> <span class='ocrx_word' id='word_1_154' title='bbox 516 2255 617 2300; x_wconf 79' lang='lat' dir='ltr'><strong>enamt</strong></span> <span class='ocrx_word' id='word_1_155' title='bbox 632 2252 729 2314; x_wconf 68' lang='lat' dir='ltr'><strong>Bragm.</strong></span> <span class='ocrx_word' id='word_1_156' title='bbox 749 2252 776 2316; x_wconf 89' lang='grc' dir='ltr'><strong>Ι,</strong></span> <span class='ocrx_word' id='word_1_157' title='bbox 795 2251 915 2316; x_wconf 83' lang='lat' dir='ltr'><strong>prolixius</strong></span> <span class='ocrx_word' id='word_1_158' title='bbox 936 2251 1003 2317; x_wconf 80' lang='lat' dir='ltr'><strong>epod</strong></span> <span class='ocrx_word' id='word_1_159' title='bbox 1018 2251 1169 2314; x_wconf 72' lang='lat' dir='ltr'><strong>Anterum,</strong></span> <span class='ocrx_word' id='word_1_160' title='bbox 1187 2250 1232 2299; x_wconf 87' lang='lat' dir='ltr'><strong>ssd</strong></span> <span class='ocrx_word' id='word_1_161' title='bbox 1249 2251 1284 2299; x_wconf 88' lang='lat' dir='ltr'><strong>ita</strong></span> <span class='ocrx_word' id='word_1_162' title='bbox 1300 2251 1422 2316; x_wconf 80' lang='lat' dir='ltr'><strong>explicsn·</strong></span> 
     </span>
     <span class='ocr_line' id='line_1_19' title="bbox 291 2324 1420 2403; baseline 0.004 -22"><span class='ocrx_word' id='word_1_163' title='bbox 291 2337 349 2396; x_wconf 89' lang='lat' dir='ltr'><strong>tnr,</strong></span> <span class='ocrx_word' id='word_1_164' title='bbox 361 2338 391 2382; x_wconf 88' lang='lat' dir='ltr'><strong>nt</strong></span> <span class='ocrx_word' id='word_1_165' title='bbox 404 2342 435 2383; x_wconf 73' lang='lat' dir='ltr'><strong>ex</strong></span> <span class='ocrx_word' id='word_1_166' title='bbox 449 2324 623 2385; x_wconf 58' lang='lat' dir='ltr'><strong>eodem&#39;ionte</strong></span> <span class='ocrx_word' id='word_1_167' title='bbox 637 2352 667 2386; x_wconf 84' lang='lat' dir='ltr'><strong>en</strong></span> <span class='ocrx_word' id='word_1_168' title='bbox 681 2336 762 2401; x_wconf 80' lang='lat' dir='ltr'><strong>petita</strong></span> <span class='ocrx_word' id='word_1_169' title='bbox 772 2336 902 2386; x_wconf 85' lang='lat' dir='ltr'><strong>essslnce</strong></span> <span class='ocrx_word' id='word_1_170' title='bbox 919 2338 952 2386; x_wconf 86' lang='lat' dir='ltr'><strong>rit</strong></span> <span class='ocrx_word' id='word_1_171' title='bbox 966 2336 1069 2386; x_wconf 83' lang='lat' dir='ltr'><strong>clarius.</strong></span> <span class='ocrx_word' id='word_1_172' title='bbox 1089 2336 1161 2403; x_wconf 78' lang='lat' dir='ltr'><strong>(Vide</strong></span> <span class='ocrx_word' id='word_1_173' title='bbox 1179 2339 1267 2386; x_wconf 88' lang='lat' dir='ltr'><strong>annot.</strong></span> <span class='ocrx_word' id='word_1_174' title='bbox 1281 2336 1313 2385; x_wconf 87' lang='lat' dir='ltr'><strong>ad</strong></span> <span class='ocrx_word' id='word_1_175' title='bbox 1328 2337 1420 2400; x_wconf 66' lang='lat' dir='ltr'><strong>lngus</strong></span> 
     </span>
     <span class='ocr_line' id='line_1_20' title="bbox 291 2410 1422 2497; baseline 0.002 -29"><span class='ocrx_word' id='word_1_176' title='bbox 291 2415 372 2482; x_wconf 75' lang='lat' dir='ltr'><strong>laud.)</strong></span> <span class='ocrx_word' id='word_1_177' title='bbox 396 2419 444 2484; x_wconf 83' lang='lat' dir='ltr'><strong>Qui</strong></span> <span class='ocrx_word' id='word_1_178' title='bbox 468 2425 554 2469; x_wconf 86' lang='lat' dir='ltr'><strong>autem</strong></span> <span class='ocrx_word' id='word_1_179' title='bbox 575 2410 705 2497; x_wconf 78' lang='lat' dir='ltr'><strong>copiarum</strong></span> <span class='ocrx_word' id='word_1_180' title='bbox 725 2437 852 2472; x_wconf 66' lang='lat' dir='ltr'><strong>vuumerus</strong></span> <span class='ocrx_word' id='word_1_181' title='bbox 873 2423 1015 2473; x_wconf 80' lang='lat' dir='ltr'><strong>Alexandro</strong></span> <span class='ocrx_word' id='word_1_182' title='bbox 1037 2423 1064 2472; x_wconf 89' lang='lat' dir='ltr'><strong>in</strong></span> <span class='ocrx_word' id='word_1_183' title='bbox 1089 2423 1172 2472; x_wconf 84' lang='lat' dir='ltr'><strong>Asiam</strong></span> <span class='ocrx_word' id='word_1_184' title='bbox 1196 2423 1338 2487; x_wconf 78' lang='lat' dir='ltr'><strong>trajicienti</strong></span> <span class='ocrx_word' id='word_1_185' title='bbox 1360 2421 1422 2489; x_wconf 81' lang='lat' dir='ltr'><strong>apud</strong></span> 
     </span>
     <span class='ocr_line' id='line_1_21' title="bbox 291 2503 1422 2574; baseline 0.003 -20"><span class='ocrx_word' id='word_1_186' title='bbox 291 2503 427 2554; x_wconf 79' lang='lat' dir='ltr'><strong>Arriauuiri</strong></span> <span class='ocrx_word' id='word_1_187' title='bbox 440 2505 524 2572; x_wconf 86' lang='lat' dir='ltr'><strong>datur,</strong></span> <span class='ocrx_word' id='word_1_188' title='bbox 542 2507 674 2572; x_wconf 82' lang='lat' dir='ltr'><strong>paululum</strong></span> <span class='ocrx_word' id='word_1_189' title='bbox 689 2508 734 2557; x_wconf 88' lang='lat' dir='ltr'><strong>ille</strong></span> <span class='ocrx_word' id='word_1_190' title='bbox 754 2510 877 2560; x_wconf 85' lang='lat' dir='ltr'><strong>recedens</strong></span> <span class='ocrx_word' id='word_1_191' title='bbox 897 2526 912 2559; x_wconf 87' lang='lat' dir='ltr'><strong>a</strong></span> <span class='ocrx_word' id='word_1_192' title='bbox 927 2511 1077 2560; x_wconf 86' lang='lat' dir='ltr'><strong>recensione</strong></span> <span class='ocrx_word' id='word_1_193' title='bbox 1096 2508 1250 2572; x_wconf 85' lang='lat' dir='ltr'><strong>Aristobuli,</strong></span> <span class='ocrx_word' id='word_1_194' title='bbox 1267 2524 1328 2557; x_wconf 88' lang='lat' dir='ltr'><strong>enm</strong></span> <span class='ocrx_word' id='word_1_195' title='bbox 1344 2508 1422 2574; x_wconf 87' lang='lat' dir='ltr'><strong>ipsun</strong></span> 
     </span>
     <span class='ocr_line' id='line_1_22' title="bbox 291 2589 1423 2658; baseline 0.001 -18"><span class='ocrx_word' id='word_1_196' title='bbox 291 2589 469 2642; x_wconf 57' lang='lat' dir='ltr'><strong>arulense</strong></span> <span class='ocrx_word' id='word_1_197' title='bbox 483 2591 563 2642; x_wconf 79' lang='lat' dir='ltr'><strong>luisse</strong></span> <span class='ocrx_word' id='word_1_198' title='bbox 581 2595 718 2658; x_wconf 85' lang='lat' dir='ltr'><strong>traditam,</strong></span> <span class='ocrx_word' id='word_1_199' title='bbox 739 2594 894 2646; x_wconf 84' lang='lat' dir='ltr'><strong>Plutarchus</strong></span> <span class='ocrx_word' id='word_1_200' title='bbox 909 2596 1021 2646; x_wconf 88' lang='lat' dir='ltr'><strong>ostendit</strong></span> <span class='ocrx_word' id='word_1_201' title='bbox 1043 2596 1140 2657; x_wconf 62' lang='lat' dir='ltr'><strong>fragm.</strong></span> <span class='ocrx_word' id='word_1_202' title='bbox 1160 2594 1204 2645; x_wconf 86' lang='lat' dir='ltr'><strong>lv.</strong></span> <span class='ocrx_word' id='word_1_203' title='bbox 1231 2596 1379 2644; x_wconf 81' lang='lat' dir='ltr'><strong>Ceterorum</strong></span> <span class='ocrx_word' id='word_1_204' title='bbox 1397 2593 1423 2641; x_wconf 89' lang='lat' dir='ltr'><strong>li·</strong></span> 
     </span>
     <span class='ocr_line' id='line_1_23' title="bbox 291 2662 1424 2746; baseline 0.004 -21"><span class='ocrx_word' id='word_1_205' title='bbox 291 2676 396 2726; x_wconf 77' lang='lat' dir='ltr'><strong>brorum</strong></span> <span class='ocrx_word' id='word_1_206' title='bbox 416 2691 496 2741; x_wconf 87' lang='lat' dir='ltr'><strong>quum</strong></span> <span class='ocrx_word' id='word_1_207' title='bbox 516 2679 614 2729; x_wconf 82' lang='lat' dir='ltr'><strong>ineerta</strong></span> <span class='ocrx_word' id='word_1_208' title='bbox 630 2680 706 2746; x_wconf 85' lang='lat' dir='ltr'><strong>plane</strong></span> <span class='ocrx_word' id='word_1_209' title='bbox 720 2681 754 2729; x_wconf 90' lang='lat' dir='ltr'><strong>sit</strong></span> <span class='ocrx_word' id='word_1_210' title='bbox 772 2662 851 2745; x_wconf 77' lang='lat' dir='ltr'><strong>ratio,</strong></span> <span class='ocrx_word' id='word_1_211' title='bbox 870 2697 901 2731; x_wconf 90' lang='lat' dir='ltr'><strong>ex</strong></span> <span class='ocrx_word' id='word_1_212' title='bbox 915 2682 969 2745; x_wconf 87' lang='lat' dir='ltr'><strong>his,</strong></span> <span class='ocrx_word' id='word_1_213' title='bbox 989 2680 1111 2746; x_wconf 86' lang='lat' dir='ltr'><strong>quoniam</strong></span> <span class='ocrx_word' id='word_1_214' title='bbox 1127 2682 1177 2730; x_wconf 89' lang='lat' dir='ltr'><strong>hoo</strong></span> <span class='ocrx_word' id='word_1_215' title='bbox 1193 2681 1305 2744; x_wconf 69' lang='lat' dir='ltr'><strong>agimus,</strong></span> <span class='ocrx_word' id='word_1_216' title='bbox 1323 2696 1355 2731; x_wconf 83' lang='lat' dir='ltr'><strong>ea</strong></span> <span class='ocrx_word' id='word_1_217' title='bbox 1371 2685 1424 2729; x_wconf 78' lang='lat' dir='ltr'><strong>tau·</strong></span> 
     </span>
     <span class='ocr_line' id='line_1_24' title="bbox 291 2761 1423 2834; baseline 0.003 -21"><span class='ocrx_word' id='word_1_218' title='bbox 291 2767 353 2813; x_wconf 79' lang='lat' dir='ltr'><strong>tnui·</strong></span> <span class='ocrx_word' id='word_1_219' title='bbox 367 2761 505 2828; x_wconf 65' lang='grc' dir='ltr'><strong>ίιιιίἱοιὴο,Ι</strong></span> <span class='ocrx_word' id='word_1_220' title='bbox 524 2780 590 2830; x_wconf 86' lang='lat' dir='ltr'><strong>qnae</strong></span> <span class='ocrx_word' id='word_1_221' title='bbox 611 2766 696 2831; x_wconf 78' lang='lat' dir='ltr'><strong>alique</strong></span> <span class='ocrx_word' id='word_1_222' title='bbox 715 2781 774 2817; x_wconf 89' lang='lat' dir='ltr'><strong>cum</strong></span> <span class='ocrx_word' id='word_1_223' title='bbox 793 2768 973 2834; x_wconf 78' lang='lat' dir='ltr'><strong>probabilitate</strong></span> <span class='ocrx_word' id='word_1_224' title='bbox 997 2768 1141 2819; x_wconf 77' lang='lat' dir='ltr'><strong>Ptolomaeo</strong></span> <span class='ocrx_word' id='word_1_225' title='bbox 1164 2770 1271 2833; x_wconf 86' lang='lat' dir='ltr'><strong>possunt</strong></span> <span class='ocrx_word' id='word_1_226' title='bbox 1291 2765 1423 2818; x_wconf 83' lang='lat' dir='ltr'><strong>rindioari.</strong></span> 
     </span>
     <span class='ocr_line' id='line_1_25' title="bbox 291 2849 1425 2921; baseline 0.002 -22"><span class='ocrx_word' id='word_1_227' title='bbox 291 2849 347 2899; x_wconf 73' lang='lat' dir='ltr'><strong>Huc</strong></span> <span class='ocrx_word' id='word_1_228' title='bbox 357 2850 466 2914; x_wconf 62' lang='lat' dir='ltr'><strong>igitur-e</strong></span> <span class='ocrx_word' id='word_1_229' title='bbox 477 2850 543 2900; x_wconf 85' lang='lat' dir='ltr'><strong>libro</strong></span> <span class='ocrx_word' id='word_1_230' title='bbox 552 2853 577 2901; x_wconf 90' lang='lat' dir='ltr'><strong>ll</strong></span> <span class='ocrx_word' id='word_1_231' title='bbox 587 2853 671 2902; x_wconf 73' lang='lat' dir='ltr'><strong>refero</strong></span> <span class='ocrx_word' id='word_1_232' title='bbox 687 2853 885 2919; x_wconf 82' lang='lat' dir='ltr'><strong>descriptionem</strong></span> <span class='ocrx_word' id='word_1_233' title='bbox 895 2855 986 2921; x_wconf 86' lang='lat' dir='ltr'><strong>proelii</strong></span> <span class='ocrx_word' id='word_1_234' title='bbox 997 2855 1029 2905; x_wconf 91' lang='lat' dir='ltr'><strong>ad</strong></span> <span class='ocrx_word' id='word_1_235' title='bbox 1045 2856 1125 2904; x_wconf 81' lang='lat' dir='ltr'><strong>lesum</strong></span> <span class='ocrx_word' id='word_1_236' title='bbox 1134 2853 1260 2903; x_wconf 87' lang='lat' dir='ltr'><strong>commissi</strong></span> <span class='ocrx_word' id='word_1_237' title='bbox 1270 2850 1305 2918; x_wconf 92' lang='grc'><strong>(7.</strong></span> <span class='ocrx_word' id='word_1_238' title='bbox 1318 2851 1333 2901; x_wconf 91' lang='grc'><strong>1</strong></span> <span class='ocrx_word' id='word_1_239' title='bbox 1349 2849 1425 2917; x_wconf 84' lang='lat' dir='ltr'><strong>sqq.),</strong></span> 
     </span>
     <span class='ocr_line' id='line_1_26' title="bbox 289 2935 1425 3007; baseline 0.003 -21"><span class='ocrx_word' id='word_1_240' title='bbox 289 2935 317 2986; x_wconf 82' lang='lat' dir='ltr'><strong>ia</strong></span> <span class='ocrx_word' id='word_1_241' title='bbox 330 2943 384 3003; x_wconf 62' lang='grc' dir='ltr'><strong>φο</strong></span> <span class='ocrx_word' id='word_1_242' title='bbox 401 2938 664 3001; x_wconf 81' lang='lat' dir='ltr'><strong>quot-ceciderintsx</strong></span> <span class='ocrx_word' id='word_1_243' title='bbox 679 2939 826 2991; x_wconf 83' lang='lat' dir='ltr'><strong>Ptolemaeo</strong></span> <span class='ocrx_word' id='word_1_244' title='bbox 843 2946 993 2991; x_wconf 85' lang='lat' dir='ltr'><strong>recensetur</strong></span> <span class='ocrx_word' id='word_1_245' title='bbox 1007 2938 1059 3007; x_wconf 92' lang='grc'><strong>(11.</strong></span> <span class='ocrx_word' id='word_1_246' title='bbox 1077 2940 1103 2991; x_wconf 94' lang='grc'><strong>8.</strong></span> <span class='ocrx_word' id='word_1_247' title='bbox 1122 2941 1219 3003; x_wconf 68' lang='grc' dir='ltr'><strong>Ὲιιμιι.</strong></span> <span class='ocrx_word' id='word_1_248' title='bbox 1239 2936 1280 3003; x_wconf 79' lang='lat' dir='ltr'><strong>V).</strong></span> <span class='ocrx_word' id='word_1_249' title='bbox 1298 2938 1374 2990; x_wconf 82' lang='lat' dir='ltr'><strong>libro</strong></span> <span class='ocrx_word' id='word_1_250' title='bbox 1390 2938 1425 2989; x_wconf 88' lang='lat'><strong>111</strong></span> 
     </span>
     <span class='ocr_line' id='line_1_27' title="bbox 289 3020 1426 3094; baseline 0.002 -22"><span class='ocrx_word' id='word_1_251' title='bbox 289 3020 373 3074; x_wconf 78' lang='lat' dir='ltr'><strong>aideu</strong></span> <span class='ocrx_word' id='word_1_252' title='bbox 390 3022 492 3084; x_wconf 83' lang='lat' dir='ltr'><strong>ridetur</strong></span> <span class='ocrx_word' id='word_1_253' title='bbox 508 3023 597 3075; x_wconf 85' lang='lat' dir='ltr'><strong>deberi</strong></span> <span class='ocrx_word' id='word_1_254' title='bbox 611 3025 770 3078; x_wconf 80' lang='lat' dir='ltr'><strong>narratiode</strong></span> <span class='ocrx_word' id='word_1_255' title='bbox 790 3028 980 3092; x_wconf 71' lang='lat' dir='ltr'><strong>oppugnatione</strong></span> <span class='ocrx_word' id='word_1_256' title='bbox 995 3026 1113 3091; x_wconf 72' lang='lat' dir='ltr'><strong>Pylarnm</strong></span> <span class='ocrx_word' id='word_1_257' title='bbox 1131 3026 1240 3076; x_wconf 85' lang='lat' dir='ltr'><strong>Persidis</strong></span> <span class='ocrx_word' id='word_1_258' title='bbox 1256 3024 1309 3094; x_wconf 98' lang='grc'><strong>(18.</strong></span> <span class='ocrx_word' id='word_1_259' title='bbox 1329 3021 1426 3090; x_wconf 79' lang='grc'><strong>1-9.)</strong></span> 
     </span>
     <span class='ocr_line' id='line_1_28' title="bbox 290 3106 1427 3186; baseline 0.003 -28"><span class='ocrx_word' id='word_1_260' title='bbox 290 3106 364 3178; x_wconf 69' lang='lat' dir='ltr'><strong>lilim</strong></span> <span class='ocrx_word' id='word_1_261' title='bbox 385 3110 420 3159; x_wconf 78' lang='lat' dir='ltr'><strong>lv</strong></span> <span class='ocrx_word' id='word_1_262' title='bbox 442 3109 517 3180; x_wconf 74' lang='lat' dir='ltr'><strong>plpra</strong></span> <span class='ocrx_word' id='word_1_263' title='bbox 537 3110 640 3182; x_wconf 84' lang='lat' dir='ltr'><strong>insunt,</strong></span> <span class='ocrx_word' id='word_1_264' title='bbox 663 3127 731 3186; x_wconf 80' lang='lat' dir='ltr'><strong>quae</strong></span> <span class='ocrx_word' id='word_1_265' title='bbox 744 3112 919 3186; x_wconf 80' lang='lat' dir='ltr'><strong>Ptolemaeum</strong></span> <span class='ocrx_word' id='word_1_266' title='bbox 943 3113 1075 3177; x_wconf 90' lang='lat' dir='ltr'><strong>redolent,</strong></span> <span class='ocrx_word' id='word_1_267' title='bbox 1094 3114 1180 3179; x_wconf 89' lang='lat' dir='ltr'><strong>prouti</strong></span> <span class='ocrx_word' id='word_1_268' title='bbox 1203 3128 1269 3178; x_wconf 82' lang='lat' dir='ltr'><strong>quae</strong></span> <span class='ocrx_word' id='word_1_269' title='bbox 1290 3117 1427 3162; x_wconf 83' lang='lat' dir='ltr'><strong>narrantur</strong></span> 
     </span>
     <span class='ocr_line' id='line_1_29' title="bbox 290 3179 1427 3285; baseline 0.008 -45"><span class='ocrx_word' id='word_1_270' title='bbox 290 3190 323 3240; x_wconf 85' lang='lat' dir='ltr'><strong>ds</strong></span> <span class='ocrx_word' id='word_1_271' title='bbox 342 3194 482 3285; x_wconf 57' lang='lat' dir='ltr'><strong>prodigio?</strong></span> <span class='ocrx_word' id='word_1_272' title='bbox 497 3179 566 3272; x_wconf 71' lang='lat' dir='ltr'><strong>quod</strong></span> <span class='ocrx_word' id='word_1_273' title='bbox 588 3195 731 3248; x_wconf 83' lang='lat' dir='ltr'><strong>Alexandro</strong></span> <span class='ocrx_word' id='word_1_274' title='bbox 759 3179 918 3250; x_wconf 63' lang='lat' dir='ltr'><strong>iteremus</strong></span> <span class='ocrx_word' id='word_1_275' title='bbox 939 3200 1083 3265; x_wconf 86' lang='lat' dir='ltr'><strong>nuntiarit,</strong></span> <span class='ocrx_word' id='word_1_276' title='bbox 1104 3199 1213 3249; x_wconf 90' lang='lat' dir='ltr'><strong>duorum</strong></span> <span class='ocrx_word' id='word_1_277' title='bbox 1233 3198 1357 3261; x_wconf 83' lang='lat' dir='ltr'><strong>sontium,</strong></span> <span class='ocrx_word' id='word_1_278' title='bbox 1375 3216 1427 3249; x_wconf 90' lang='lat' dir='ltr'><strong>uon</strong></span> 
     </span>
     <span class='ocr_line' id='line_1_30' title="bbox 290 3258 1427 3358; baseline 0.004 -29"><span class='ocrx_word' id='word_1_279' title='bbox 290 3271 382 3358; x_wconf 74' lang='lat' dir='ltr'><strong>procul</strong></span> <span class='ocrx_word' id='word_1_280' title='bbox 400 3258 416 3330; x_wconf 78' lang='lat' dir='ltr'><strong>ai</strong></span> <span class='ocrx_word' id='word_1_281' title='bbox 432 3262 544 3333; x_wconf 76' lang='lat' dir='ltr'><strong>teniorio</strong></span> <span class='ocrx_word' id='word_1_282' title='bbox 564 3269 701 3334; x_wconf 85' lang='lat' dir='ltr'><strong>Alexandri</strong></span> <span class='ocrx_word' id='word_1_283' title='bbox 722 3301 801 3352; x_wconf 91' lang='lat' dir='ltr'><strong>prope</strong></span> <span class='ocrx_word' id='word_1_284' title='bbox 826 3289 905 3336; x_wconf 84' lang='lat' dir='ltr'><strong>tlxum</strong></span> <span class='ocrx_word' id='word_1_285' title='bbox 931 3286 959 3337; x_wconf 87' lang='lat' dir='ltr'><strong>il.</strong></span> <span class='ocrx_word' id='word_1_286' title='bbox 985 3285 1098 3336; x_wconf 86' lang='lat' dir='ltr'><strong>ortorum</strong></span> <span class='ocrx_word' id='word_1_287' title='bbox 1123 3283 1174 3351; x_wconf 88' lang='grc'><strong>(15.</strong></span> <span class='ocrx_word' id='word_1_288' title='bbox 1191 3284 1222 3348; x_wconf 89' lang='grc'><strong>7,</strong></span> <span class='ocrx_word' id='word_1_289' title='bbox 1238 3284 1264 3334; x_wconf 88' lang='grc'><strong>8.</strong></span> <span class='ocrx_word' id='word_1_290' title='bbox 1282 3285 1319 3336; x_wconf 82' lang='lat' dir='ltr'><strong>Cl.</strong></span> <span class='ocrx_word' id='word_1_291' title='bbox 1335 3285 1427 3335; x_wconf 72' lang='lat' dir='ltr'><strong>itiner.</strong></span> 
     </span>
     <span class='ocr_line' id='line_1_31' title="bbox 289 3363 1428 3458; baseline 0.004 -44"><span class='ocrx_word' id='word_1_292' title='bbox 289 3363 367 3458; x_wconf 56' lang='lat' dir='ltr'><strong>Alsa.</strong></span> <span class='ocrx_word' id='word_1_293' title='bbox 384 3381 399 3417; x_wconf 83' lang='lat' dir='ltr'><strong>n</strong></span> <span class='ocrx_word' id='word_1_294' title='bbox 423 3365 487 3417; x_wconf 83' lang='lat' dir='ltr'><strong>linio</strong></span> <span class='ocrx_word' id='word_1_295' title='bbox 506 3364 568 3419; x_wconf 88' lang='lat' dir='ltr'><strong>edit.</strong></span> <span class='ocrx_word' id='word_1_296' title='bbox 589 3368 700 3430; x_wconf 80' lang='lat' dir='ltr'><strong>XCVII.</strong></span> <span class='ocrx_word' id='word_1_297' title='bbox 684 3388 715 3436; x_wconf 70' lang='lat'><strong>,73</strong></span> <span class='ocrx_word' id='word_1_298' title='bbox 741 3371 780 3421; x_wconf 74' lang='lat' dir='ltr'><strong>de*</strong></span> <span class='ocrx_word' id='word_1_299' title='bbox 774 3371 958 3438; x_wconf 80' lang='lat' dir='ltr'><strong>expeditione</strong></span> <span class='ocrx_word' id='word_1_300' title='bbox 980 3378 1070 3423; x_wconf 88' lang='lat' dir='ltr'><strong>contra</strong></span> <span class='ocrx_word' id='word_1_301' title='bbox 1091 3373 1227 3436; x_wconf 74' lang='lat' dir='ltr'><strong>Sogdianos</strong></span> <span class='ocrx_word' id='word_1_302' title='bbox 1245 3368 1297 3437; x_wconf 89' lang='grc'><strong>(16.</strong></span> <span class='ocrx_word' id='word_1_303' title='bbox 1313 3368 1428 3436; x_wconf 64' lang='lat' dir='ltr'><strong>Aeqq),</strong></span> 
     </span>
     <span class='ocr_line' id='line_1_32' title="bbox 290 3436 1427 3526; baseline 0.007 -27"><span class='ocrx_word' id='word_1_304' title='bbox 290 3451 318 3500; x_wconf 93' lang='lat' dir='ltr'><strong>in</strong></span> <span class='ocrx_word' id='word_1_305' title='bbox 334 3436 386 3516; x_wconf 73' lang='grc' dir='ltr'><strong>ὀιιι</strong></span> <span class='ocrx_word' id='word_1_306' title='bbox 403 3451 564 3504; x_wconf 75' lang='lat' dir='ltr'><strong>Ptolemaeus</strong></span> <span class='ocrx_word' id='word_1_307' title='bbox 589 3458 694 3522; x_wconf 85' lang='lat' dir='ltr'><strong>quintae</strong></span> <span class='ocrx_word' id='word_1_308' title='bbox 719 3458 845 3508; x_wconf 79' lang='lat' dir='ltr'><strong>exercituo</strong></span> <span class='ocrx_word' id='word_1_309' title='bbox 866 3459 931 3524; x_wconf 89' lang='lat' dir='ltr'><strong>parti</strong></span> <span class='ocrx_word' id='word_1_310' title='bbox 949 3460 1072 3526; x_wconf 78' lang='lat' dir='ltr'><strong>praefuit,</strong></span> <span class='ocrx_word' id='word_1_311' title='bbox 1096 3458 1128 3508; x_wconf 89' lang='lat' dir='ltr'><strong>de</strong></span> <span class='ocrx_word' id='word_1_312' title='bbox 1144 3458 1275 3508; x_wconf 83' lang='lat' dir='ltr'><strong>Chorieuis</strong></span> <span class='ocrx_word' id='word_1_313' title='bbox 1295 3472 1359 3523; x_wconf 90' lang='lat' dir='ltr'><strong>rupe</strong></span> <span class='ocrx_word' id='word_1_314' title='bbox 1374 3456 1427 3523; x_wconf 82' lang='lat'><strong>(21.</strong></span> 
     </span>
     <span class='ocr_line' id='line_1_33' title="bbox 292 3534 1429 3612; baseline 0.003 -23"><span class='ocrx_word' id='word_1_315' title='bbox 292 3534 403 3603; x_wconf 57' lang='lat' dir='ltr'><strong>teqqp</strong></span> <span class='ocrx_word' id='word_1_316' title='bbox 422 3540 454 3590; x_wconf 90' lang='lat' dir='ltr'><strong>de</strong></span> <span class='ocrx_word' id='word_1_317' title='bbox 471 3542 593 3608; x_wconf 85' lang='lat' dir='ltr'><strong>Aspasiis,</strong></span> <span class='ocrx_word' id='word_1_318' title='bbox 611 3541 716 3594; x_wconf 83' lang='lat' dir='ltr'><strong>Guraeis</strong></span> <span class='ocrx_word' id='word_1_319' title='bbox 737 3550 764 3594; x_wconf 89' lang='lat' dir='ltr'><strong>et</strong></span> <span class='ocrx_word' id='word_1_320' title='bbox 780 3545 913 3595; x_wconf 85' lang='lat' dir='ltr'><strong>Assacenis</strong></span> <span class='ocrx_word' id='word_1_321' title='bbox 935 3545 1070 3596; x_wconf 78' lang='lat' dir='ltr'><strong>debellatio</strong></span> <span class='ocrx_word' id='word_1_322' title='bbox 1086 3544 1139 3612; x_wconf 80' lang='lat'><strong>(23.</strong></span> <span class='ocrx_word' id='word_1_323' title='bbox 1157 3542 1171 3593; x_wconf 92' lang='lat'>1</span> <span class='ocrx_word' id='word_1_324' title='bbox 1192 3542 1269 3608; x_wconf 81' lang='lat' dir='ltr'><strong>sqq.)‚</strong></span> <span class='ocrx_word' id='word_1_325' title='bbox 1290 3560 1342 3607; x_wconf 90' lang='lat' dir='ltr'><strong>quo</strong></span> <span class='ocrx_word' id='word_1_326' title='bbox 1360 3548 1429 3593; x_wconf 85' lang='lat' dir='ltr'><strong>tenr-</strong></span> 
     </span>
     <span class='ocr_line' id='line_1_34' title="bbox 291 3626 1430 3699; baseline 0.006 -27"><span class='ocrx_word' id='word_1_327' title='bbox 291 3632 371 3689; x_wconf 74' lang='grc' dir='ltr'><strong>(ιοιο,</strong></span> <span class='ocrx_word' id='word_1_328' title='bbox 385 3626 499 3689; x_wconf 76' lang='lat' dir='ltr'><strong>quamvis</strong></span> <span class='ocrx_word' id='word_1_329' title='bbox 511 3627 603 3679; x_wconf 86' lang='lat' dir='ltr'><strong>leviter</strong></span> <span class='ocrx_word' id='word_1_330' title='bbox 618 3632 745 3680; x_wconf 85' lang='lat' dir='ltr'><strong>sauciatus</strong></span> <span class='ocrx_word' id='word_1_331' title='bbox 764 3632 791 3699; x_wconf 90' lang='grc'><strong>(1.</strong></span> <span class='ocrx_word' id='word_1_332' title='bbox 809 3631 828 3681; x_wconf 92' lang='lat' dir='ltr'><strong>l.</strong></span> <span class='ocrx_word' id='word_1_333' title='bbox 845 3630 890 3695; x_wconf 88' lang='grc'><strong>8.).</strong></span> <span class='ocrx_word' id='word_1_334' title='bbox 912 3633 1090 3683; x_wconf 76' lang='lat' dir='ltr'><strong>«Ptolemaeus</strong></span> <span class='ocrx_word' id='word_1_335' title='bbox 1107 3631 1229 3697; x_wconf 86' lang='lat' dir='ltr'><strong>plurimas</strong></span> <span class='ocrx_word' id='word_1_336' title='bbox 1245 3629 1336 3693; x_wconf 88' lang='lat' dir='ltr'><strong>nrbes,</strong></span> <span class='ocrx_word' id='word_1_337' title='bbox 1351 3630 1430 3679; x_wconf 86' lang='lat' dir='ltr'><strong>Alex·</strong></span> 
     </span>
     <span class='ocr_line' id='line_1_35' title="bbox 290 3708 1429 3784; baseline 0.007 -27"><span class='ocrx_word' id='word_1_338' title='bbox 290 3708 371 3759; x_wconf 84' lang='lat' dir='ltr'><strong>ander</strong></span> <span class='ocrx_word' id='word_1_339' title='bbox 389 3712 509 3762; x_wconf 86' lang='lat' dir='ltr'><strong>maximas</strong></span> <span class='ocrx_word' id='word_1_340' title='bbox 532 3716 622 3779; x_wconf 77' lang='lat' dir='ltr'><strong>oepit»</strong></span> <span class='ocrx_word' id='word_1_341' title='bbox 653 3716 731 3784; x_wconf 71' lang='lat' dir='ltr'><strong>(Cart.</strong></span> <span class='ocrx_word' id='word_1_342' title='bbox 753 3716 964 3783; x_wconf 82' lang='lat' dir='ltr'><strong>vl11.10.21.),</strong></span> <span class='ocrx_word' id='word_1_343' title='bbox 988 3722 1015 3769; x_wconf 90' lang='lat' dir='ltr'><strong>et</strong></span> <span class='ocrx_word' id='word_1_344' title='bbox 1033 3723 1088 3766; x_wconf 88' lang='lat' dir='ltr'><strong>tum</strong></span> <span class='ocrx_word' id='word_1_345' title='bbox 1112 3718 1167 3767; x_wconf 85' lang='lat' dir='ltr'><strong>aliis</strong></span> <span class='ocrx_word' id='word_1_346' title='bbox 1184 3716 1353 3778; x_wconf 80' lang='lat' dir='ltr'><strong>iecinoribus,</strong></span> <span class='ocrx_word' id='word_1_347' title='bbox 1371 3720 1429 3765; x_wconf 92' lang='lat' dir='ltr'><strong>tum</strong></span> 
     </span>
     <span class='ocr_line' id='line_1_36' title="bbox 291 3795 1429 3872; baseline 0.006 -28"><span class='ocrx_word' id='word_1_348' title='bbox 291 3795 357 3845; x_wconf 83' lang='lat' dir='ltr'><strong>dne&#39;e</strong></span> <span class='ocrx_word' id='word_1_349' title='bbox 374 3798 496 3849; x_wconf 89' lang='lat' dir='ltr'><strong>indorum</strong></span> <span class='ocrx_word' id='word_1_350' title='bbox 513 3801 668 3852; x_wconf 77' lang='lat' dir='ltr'><strong>ferocissimo</strong></span> <span class='ocrx_word' id='word_1_351' title='bbox 678 3806 863 3870; x_wconf 88' lang='lat' dir='ltr'><strong>prosternendo</strong></span> <span class='ocrx_word' id='word_1_352' title='bbox 884 3804 1006 3855; x_wconf 86' lang='lat' dir='ltr'><strong>inclaruit</strong></span> <span class='ocrx_word' id='word_1_353' title='bbox 1026 3804 1133 3872; x_wconf 76' lang='lat' dir='ltr'><strong>(Fregm.</strong></span> <span class='ocrx_word' id='word_1_354' title='bbox 1152 3800 1239 3864; x_wconf 70' lang='lat' dir='ltr'><strong>xvi).</strong></span> <span class='ocrx_word' id='word_1_355' title='bbox 1265 3796 1429 3867; x_wconf 74' lang='lat' dir='ltr'><strong>O&#39;ppugnatio</strong></span> 
     </span>
     <span class='ocr_line' id='line_1_37' title="bbox 291 3881 1429 3957; baseline 0.004 -23"><span class='ocrx_word' id='word_1_356' title='bbox 291 3881 404 3947; x_wconf 81' lang='lat' dir='ltr'><strong>denique</strong></span> <span class='ocrx_word' id='word_1_357' title='bbox 416 3886 488 3951; x_wconf 82' lang='lat' dir='ltr'><strong>rupis</strong></span> <span class='ocrx_word' id='word_1_358' title='bbox 498 3886 582 3937; x_wconf 65' lang='lat' dir='ltr'><strong>&#39;Aorui</strong></span> <span class='ocrx_word' id='word_1_359' title='bbox 596 3888 647 3955; x_wconf 76' lang='lat'><strong>(29.</strong></span> <span class='ocrx_word' id='word_1_360' title='bbox 665 3888 681 3939; x_wconf 92' lang='lat'>1</span> <span class='ocrx_word' id='word_1_361' title='bbox 698 3890 764 3955; x_wconf 80' lang='lat' dir='ltr'><strong>sqq.)</strong></span> <span class='ocrx_word' id='word_1_362' title='bbox 776 3906 806 3941; x_wconf 91' lang='lat' dir='ltr'><strong>eo</strong></span> <span class='ocrx_word' id='word_1_363' title='bbox 821 3892 963 3957; x_wconf 86' lang='lat' dir='ltr'><strong>explicetur</strong></span> <span class='ocrx_word' id='word_1_364' title='bbox 977 3891 1068 3956; x_wconf 85' lang='lat' dir='ltr'><strong>modo,</strong></span> <span class='ocrx_word' id='word_1_365' title='bbox 1086 3895 1115 3939; x_wconf 92' lang='lat' dir='ltr'><strong>ut</strong></span> <span class='ocrx_word' id='word_1_366' title='bbox 1129 3888 1161 3940; x_wconf 87' lang='lat' dir='ltr'><strong>ab</strong></span> <span class='ocrx_word' id='word_1_367' title='bbox 1182 3889 1237 3954; x_wconf 89' lang='lat' dir='ltr'><strong>ipso</strong></span> <span class='ocrx_word' id='word_1_368' title='bbox 1251 3891 1429 3953; x_wconf 77' lang='lat' dir='ltr'><strong>oppugnatore</strong></span> 
     </span>
     <span class='ocr_line' id='line_1_38' title="bbox 292 3967 1429 4044; baseline 0.005 -26"><span class='ocrx_word' id='word_1_369' title='bbox 292 3967 438 4021; x_wconf 73' lang='lat' dir='ltr'><strong>Ptolemaeo</strong></span> <span class='ocrx_word' id='word_1_370' title='bbox 460 3988 512 4022; x_wconf 92' lang='lat' dir='ltr'><strong>non</strong></span> <span class='ocrx_word' id='word_1_371' title='bbox 533 3975 612 4039; x_wconf 89' lang='lat' dir='ltr'><strong>possit</strong></span> <span class='ocrx_word' id='word_1_372' title='bbox 626 3991 679 4027; x_wconf 90' lang='grc' dir='ltr'><strong>ιιοιι</strong></span> <span class='ocrx_word' id='word_1_373' title='bbox 695 3979 809 4044; x_wconf 84' lang='lat' dir='ltr'><strong>prolecta</strong></span> <span class='ocrx_word' id='word_1_374' title='bbox 832 3994 885 4028; x_wconf 89' lang='lat' dir='ltr'><strong>esse</strong></span> <span class='ocrx_word' id='word_1_375' title='bbox 904 3978 1024 4028; x_wconf 88' lang='lat' dir='ltr'><strong>narratio.</strong></span> <span class='ocrx_word' id='word_1_376' title='bbox 1045 3989 1080 4015; x_wconf 88' lang='lat'><strong>-&#39;—</strong></span> <span class='ocrx_word' id='word_1_377' title='bbox 1099 3976 1174 4025; x_wconf 87' lang='lat' dir='ltr'><strong>Libro</strong></span> <span class='ocrx_word' id='word_1_378' title='bbox 1191 3976 1212 4024; x_wconf 88' lang='lat' dir='ltr'>V</span> <span class='ocrx_word' id='word_1_379' title='bbox 1228 3974 1429 4039; x_wconf 71' lang='lat' dir='ltr'><strong>descriptionem</strong></span> 
     </span>
     <span class='ocr_line' id='line_1_39' title="bbox 294 4057 1431 4130; baseline 0.004 -27"><span class='ocrx_word' id='word_1_380' title='bbox 294 4069 437 4119; x_wconf 68' lang='lat' dir='ltr'><strong>pugnarum</strong></span> <span class='ocrx_word' id='word_1_381' title='bbox 463 4058 584 4110; x_wconf 70' lang='lat' dir='ltr'><strong>adversus</strong></span> <span class='ocrx_word' id='word_1_382' title='bbox 605 4063 662 4111; x_wconf 75' lang='lat' dir='ltr'><strong>l’ori</strong></span> <span class='ocrx_word' id='word_1_383' title='bbox 688 4062 770 4112; x_wconf 87' lang='lat' dir='ltr'><strong>lilium</strong></span> <span class='ocrx_word' id='word_1_384' title='bbox 787 4069 815 4113; x_wconf 91' lang='lat' dir='ltr'><strong>et</strong></span> <span class='ocrx_word' id='word_1_385' title='bbox 828 4066 920 4115; x_wconf 82' lang='lat' dir='ltr'><strong>Porum</strong></span> <span class='ocrx_word' id='word_1_386' title='bbox 939 4064 1022 4130; x_wconf 87' lang='lat' dir='ltr'><strong>ipsum</strong></span> <span class='ocrx_word' id='word_1_387' title='bbox 1040 4068 1167 4127; x_wconf 70' lang='lat' dir='ltr'><strong>gestarum</strong></span> <span class='ocrx_word' id='word_1_388' title='bbox 1190 4058 1272 4127; x_wconf 86' lang='grc'><strong>(13.1</strong></span> <span class='ocrx_word' id='word_1_389' title='bbox 1292 4057 1360 4123; x_wconf 77' lang='lat' dir='ltr'><strong>sqq.)</strong></span> <span class='ocrx_word' id='word_1_390' title='bbox 1379 4059 1431 4108; x_wconf 92' lang='lat' dir='ltr'><strong>Ar-</strong></span> 
     </span>
     <span class='ocr_line' id='line_1_40' title="bbox 294 4139 1431 4215; baseline 0.004 -24"><span class='ocrx_word' id='word_1_391' title='bbox 294 4139 380 4192; x_wconf 81' lang='lat' dir='ltr'><strong>rianus</strong></span> <span class='ocrx_word' id='word_1_392' title='bbox 400 4143 462 4194; x_wconf 84' lang='lat' dir='ltr'><strong>item</strong></span> <span class='ocrx_word' id='word_1_393' title='bbox 485 4162 500 4195; x_wconf 87' lang='lat' dir='ltr'><strong>a</strong></span> <span class='ocrx_word' id='word_1_394' title='bbox 520 4147 679 4212; x_wconf 82' lang='lat' dir='ltr'><strong>Ptolemaeo,</strong></span> <span class='ocrx_word' id='word_1_395' title='bbox 702 4149 838 4199; x_wconf 80' lang='lat' dir='ltr'><strong>Alexandri</strong></span> <span class='ocrx_word' id='word_1_396' title='bbox 857 4151 884 4198; x_wconf 92' lang='lat' dir='ltr'><strong>in</strong></span> <span class='ocrx_word' id='word_1_397' title='bbox 910 4149 959 4198; x_wconf 85' lang='lat' dir='ltr'><strong>hec</strong></span> <span class='ocrx_word' id='word_1_398' title='bbox 982 4149 1143 4215; x_wconf 77' lang='lat' dir='ltr'><strong>expeditione</strong></span> <span class='ocrx_word' id='word_1_399' title='bbox 1167 4146 1277 4211; x_wconf 85' lang='lat' dir='ltr'><strong>comite,</strong></span> <span class='ocrx_word' id='word_1_400' title='bbox 1303 4147 1324 4195; x_wconf 92' lang='lat' dir='ltr'><strong>si</strong></span> <span class='ocrx_word' id='word_1_401' title='bbox 1346 4161 1431 4211; x_wconf 83' lang='lat' dir='ltr'><strong>panca</strong></span> 
     </span>
     <span class='ocr_line' id='line_1_41' title="bbox 294 4226 1429 4303; baseline -0.003 -16"><span class='ocrx_word' id='word_1_402' title='bbox 294 4241 393 4289; x_wconf 85' lang='lat' dir='ltr'><strong>tautum</strong></span> <span class='ocrx_word' id='word_1_403' title='bbox 419 4226 572 4303; x_wconf 62' lang='lat' dir='ltr'><strong>exceperir,&#39;</strong></span> <span class='ocrx_word' id='word_1_404' title='bbox 588 4237 712 4299; x_wconf 67' lang='lat' dir='ltr'><strong>integram</strong></span> <span class='ocrx_word' id='word_1_405' title='bbox 738 4236 838 4302; x_wconf 87' lang='lat' dir='ltr'><strong>accepit</strong></span> <span class='ocrx_word' id='word_1_406' title='bbox 860 4251 867 4285; x_wconf 79' lang='lat' dir='ltr'><strong>t</strong></span> <span class='ocrx_word' id='word_1_407' title='bbox 891 4249 950 4285; x_wconf 87' lang='lat' dir='ltr'><strong>uam</strong></span> <span class='ocrx_word' id='word_1_408' title='bbox 976 4236 1024 4285; x_wconf 91' lang='lat' dir='ltr'><strong>etsi</strong></span> <span class='ocrx_word' id='word_1_409' title='bbox 1055 4236 1131 4285; x_wconf 87' lang='lat' dir='ltr'><strong>etiam</strong></span> <span class='ocrx_word' id='word_1_410' title='bbox 1154 4231 1296 4283; x_wconf 84' lang='lat' dir='ltr'><strong>Aristobuli</strong></span> <span class='ocrx_word' id='word_1_411' title='bbox 1318 4232 1429 4298; x_wconf 69' lang='lat' dir='ltr'><strong>(uragu.</strong></span> 
     </span>
     <span class='ocr_line' id='line_1_42' title="bbox 293 4315 1431 4390; baseline -0.003 -19"><span class='ocrx_word' id='word_1_412' title='bbox 293 4321 405 4387; x_wconf 76' lang='lat' dir='ltr'><strong>mli.)</strong></span> <span class='ocrx_word' id='word_1_413' title='bbox 431 4322 590 4390; x_wconf 88' lang='lat' dir='ltr'><strong>aliorumque</strong></span> <span class='ocrx_word' id='word_1_414' title='bbox 616 4321 732 4373; x_wconf 89' lang='lat' dir='ltr'><strong>meminit</strong></span> <span class='ocrx_word' id='word_1_415' title='bbox 745 4320 812 4389; x_wconf 83' lang='grc'><strong>((14.</strong></span> <span class='ocrx_word' id='word_1_416' title='bbox 839 4321 870 4384; x_wconf 90' lang='grc'><strong>8,</strong></span> <span class='ocrx_word' id='word_1_417' title='bbox 896 4319 942 4386; x_wconf 78' lang='grc'><strong>1.),</strong></span> <span class='ocrx_word' id='word_1_418' title='bbox 967 4321 1114 4372; x_wconf 81' lang='lat' dir='ltr'><strong>Ptolemaeo</strong></span> <span class='ocrx_word' id='word_1_419' title='bbox 1137 4315 1221 4369; x_wconf 82' lang='lat' dir='ltr'><strong>tamen</strong></span> <span class='ocrx_word' id='word_1_420' title='bbox 1244 4334 1271 4367; x_wconf 89' lang='grc' dir='ltr'><strong>ιο</strong></span> <span class='ocrx_word' id='word_1_421' title='bbox 1291 4318 1342 4367; x_wconf 84' lang='lat' dir='ltr'><strong>hoc</strong></span> <span class='ocrx_word' id='word_1_422' title='bbox 1369 4317 1431 4368; x_wconf 91' lang='lat' dir='ltr'><strong>loco</strong></span> 
     </span>
     <span class='ocr_line' id='line_1_43' title="bbox 292 4403 1428 4477; baseline -0.006 -18"><span class='ocrx_word' id='word_1_423' title='bbox 292 4410 439 4460; x_wconf 83' lang='lat' dir='ltr'><strong>consentire</strong></span> <span class='ocrx_word' id='word_1_424' title='bbox 456 4413 564 4465; x_wconf 86' lang='lat' dir='ltr'><strong>testatur</strong></span> <span class='ocrx_word' id='word_1_425' title='bbox 589 4408 696 4477; x_wconf 67' lang='lat' dir='ltr'><strong>(fragm.</strong></span> <span class='ocrx_word' id='word_1_426' title='bbox 715 4406 813 4473; x_wconf 75' lang='lat' dir='ltr'><strong>ml).</strong></span> <span class='ocrx_word' id='word_1_427' title='bbox 849 4408 879 4456; x_wconf 91' lang='lat' dir='ltr'><strong>ln</strong></span> <span class='ocrx_word' id='word_1_428' title='bbox 897 4407 1029 4458; x_wconf 74' lang='lat' dir='ltr'><strong>domandis</strong></span> <span class='ocrx_word' id='word_1_429' title='bbox 1047 4412 1132 4459; x_wconf 83' lang='lat' dir='ltr'><strong>autern</strong></span> <span class='ocrx_word' id='word_1_430' title='bbox 1148 4403 1262 4456; x_wconf 82' lang='lat' dir='ltr'><strong>cethaeis</strong></span> <span class='ocrx_word' id='word_1_431' title='bbox 1282 4418 1361 4469; x_wconf 87' lang='lat' dir='ltr'><strong>quum</strong></span> <span class='ocrx_word' id='word_1_432' title='bbox 1379 4418 1428 4468; x_wconf 84' lang='lat' dir='ltr'><strong>pa·</strong></span> 
     </span>
     <span class='ocr_line' id='line_1_44' title="bbox 294 4488 1429 4562; baseline -0.004 -20"><span class='ocrx_word' id='word_1_433' title='bbox 294 4493 357 4543; x_wconf 89' lang='lat' dir='ltr'><strong>riter</strong></span> <span class='ocrx_word' id='word_1_434' title='bbox 377 4494 535 4546; x_wconf 85' lang='lat' dir='ltr'><strong>Ptolemaeus</strong></span> <span class='ocrx_word' id='word_1_435' title='bbox 558 4495 696 4562; x_wconf 82' lang='lat' dir='ltr'><strong>plurimum</strong></span> <span class='ocrx_word' id='word_1_436' title='bbox 716 4494 887 4544; x_wconf 76' lang='lat' dir='ltr'><strong>Alexandrum</strong></span> <span class='ocrx_word' id='word_1_437' title='bbox 904 4494 1034 4559; x_wconf 68' lang='lat' dir='ltr'><strong>adiuverit</strong></span> <span class='ocrx_word' id='word_1_438' title='bbox 1056 4492 1109 4562; x_wconf 79' lang='lat'><strong>(28.</strong></span> <span class='ocrx_word' id='word_1_439' title='bbox 1128 4491 1145 4541; x_wconf 95' lang='grc'><strong>7</strong></span> <span class='ocrx_word' id='word_1_440' title='bbox 1163 4488 1241 4556; x_wconf 65' lang='grc' dir='ltr'><strong>κιο),</strong></span> <span class='ocrx_word' id='word_1_441' title='bbox 1265 4507 1317 4541; x_wconf 92' lang='lat' dir='ltr'><strong>non</strong></span> <span class='ocrx_word' id='word_1_442' title='bbox 1334 4491 1429 4539; x_wconf 90' lang='lat' dir='ltr'><strong>mirum</strong></span> 
     </span>
     <span class='ocr_line' id='line_1_45' title="bbox 294 4570 1428 4651; baseline -0.006 -21"><span class='ocrx_word' id='word_1_443' title='bbox 294 4582 316 4631; x_wconf 90' lang='lat' dir='ltr'><strong>is</strong></span> <span class='ocrx_word' id='word_1_444' title='bbox 335 4582 379 4631; x_wconf 87' lang='lat' dir='ltr'><strong>lrlc</strong></span> <span class='ocrx_word' id='word_1_445' title='bbox 399 4597 504 4647; x_wconf 81' lang='lat' dir='ltr'><strong>qnoque</strong></span> <span class='ocrx_word' id='word_1_446' title='bbox 515 4582 644 4651; x_wconf 77' lang='lat' dir='ltr'><strong>&#39;Arrianus</strong></span> <span class='ocrx_word' id='word_1_447' title='bbox 665 4582 739 4631; x_wconf 85' lang='lat' dir='ltr'><strong>illum</strong></span> <span class='ocrx_word' id='word_1_448' title='bbox 756 4585 861 4631; x_wconf 85' lang='lat' dir='ltr'><strong>secutus</strong></span> <span class='ocrx_word' id='word_1_449' title='bbox 882 4580 924 4631; x_wconf 92' lang='lat' dir='ltr'><strong>sit.</strong></span> <span class='ocrx_word' id='word_1_450' title='bbox 942 4606 970 4619; x_wconf 91' lang='lat'><strong>·-</strong></span> <span class='ocrx_word' id='word_1_451' title='bbox 994 4570 1064 4645; x_wconf 77' lang='lat' dir='ltr'><strong>Quae</strong></span> <span class='ocrx_word' id='word_1_452' title='bbox 1086 4578 1190 4627; x_wconf 84' lang='lat' dir='ltr'><strong>tandem</strong></span> <span class='ocrx_word' id='word_1_453' title='bbox 1213 4577 1280 4627; x_wconf 82' lang='lat' dir='ltr'><strong>libro</strong></span> <span class='ocrx_word' id='word_1_454' title='bbox 1296 4576 1332 4626; x_wconf 83' lang='lat' dir='ltr'><strong>Vl</strong></span> <span class='ocrx_word' id='word_1_455' title='bbox 1349 4575 1428 4625; x_wconf 85' lang='lat' dir='ltr'><strong>tacite</strong></span> 
     </span>
    </p>
   </div>
   <div class='ocr_carea' id='block_1_4' title="bbox 0 0 1656 5600">
    <p class='ocr_par' dir='ltr' id='par_1_4' title="bbox 0 0 1656 5600">
     <span class='ocr_line' id='line_1_46' title="bbox 0 0 1656 5600; baseline 0 0"><span class='ocrx_word' id='word_1_456' title='bbox 0 0 1656 5600; x_wconf 95' lang='lat' dir='ltr'><strong> </strong></span> 
     </span>
    </p>
   </div>
  </div>
 </body>
</html>
