3300 5600
714 571 890 674 'ras'

256 802 312 897 ρος
329 775 410 865 ἔχειν
429 773 486 869 τήν
505 780 562 908 χήν
581 770 710 868 ταύτην
730 774 1041 871 Πληρώματαιίὲν
1015 804 1057 860 ες
1077 777 1137 860 τάς
1154 786 1232 861 ναῦς
1247 785 1302 851 καί
1316 777 1377 861 τάς

253 874 350 960 ἄλλος,
376 877 562 974 υπηρεσίας
597 882 800 973 πορφυρέων
829 906 867 951 τε
905 884 1042 975 πλῆθος
1072 887 1127 987 καί
1161 889 1224 955 τοῖν
1259 881 1375 970 ἄλλων,

254 978 317 1054 ὅσοι
339 977 473 1076 ἐργάται
497 987 556 1075 τῆς
581 977 771 1077 θαλάσσης,
802 979 951 1076 ἀφῖχθαι
980 982 1071 1075 odoni
1100 989 1135 1058 ἐκ
1162 991 1312 1081 Φοινίκης
1338 1013 1377 1057 τε

254 1088 369 1180 καὶτῆς
390 1082 490 1179 άλλκρς
509 1089 685 1178 παραλίας.
705 1089 835 1176 Λιμίνα
852 1114 890 1157 τε
912 1084 964 1158 ὅτι
975 1086 1063 1182 πρὸς
1082 1095 1261 1179 Βαβυλῶνα
1270 1093 1378 1161 ἐποίει

255 1182 387 1280 ὀρυκτὸν,
411 1186 490 1261 ὅσον
510 1191 629 1278 χιλίαις
648 1193 743 1260 ναυσὶ
763 1199 905 1282 μακραῖς
927 1187 1031 1283 ὅρμον
1051 1192 1149 1280 εἶναι,
1169 1196 1224 1264 καί
1244 1197 1376 1265 νεωσοί-

255 1318 318 1373 κους
343 1296 401 1364 ἐπί
435 1297 497 1364 τοῦ
525 1295 663 1381 λιμένος.
692 1296 761 1362 Καὶ
790 1296 960 1373 Μίκκαλος
991 1291 1009 1365 ὁ
1040 1299 1263 1386 Κλαζομένιος
1294 1293 1377 1384 μετά

254 1399 457 1467 πεντακοσίων
475 1391 639 1467 ταλάντων
664 1397 721 1468 ἐπὶ
745 1399 897 1489 Φοινίκης
915 1423 952 1467 τε
972 1399 1026 1468 καί
1047 1402 1170 1492 Συρίας
1191 1403 1375 1485 ἐστέλλετο,

255 1496 317 1579 roric
334 1503 393 1586 μὲν
411 1504 528 1589 μισθῷ
548 1502 682 1586 πείσων,
702 1497 782 1580 τούς
800 1501 840 1570 55
860 1503 916 1570 καὶ
930 1495 1148 1625 ω’νρσόμερος,
1161 1498 1374 1573 ὅσοιθαλάο-

256 1625 308 1673 osor
324 1599 509 1698 ανθρωποι.
533 1597 599 1697 Τὴν
617 1629 654 1672 τε
675 1598 737 1696 γάρ
759 1601 984 1729 παραλίαν
944 1631 1002 1698 την
1022 1601 1109 1698 πρὸς
1127 1633 1175 1694 τῳ
1160 1601 1305 1695 κόλπῳ
1327 1610 1378 1696 τῷ

255 1710 409 1833 Περσικῷ
412 1709 642 1791 κατοικίζειν’
623 1703 765 1794 επενόει,
787 1709 841 1776 καί
863 1705 923 1788 τάς
937 1732 1054 1802 νρσους
1065 1734 1125 1788 τας
1139 1703 1254 1803 ταὺτη·
1271 1703 1377 1779 ἐδόκει

254 1802 304 1900 γάρ
323 1805 409 1900 αὐτῷ
429 1806 469 1881 05
488 1817 581 1900 μεῖον
604 1813 757 1904 Φοινίκιος
781 1808 985 1901 ευδαίμων
964 1841 984 1905 η
1006 1805 1100 1906 χώρα
1113 1809 1194 1907 αὕτη
1211 1813 1376 1904 γενέσθαι.

288 2101 394 2169 Strabo
402 2101 478 2171 xvt
488 2124 519 2189 p.
534 2104 619 2170 1076
631 2104 668 2171 Β.
692 2098 811 2191 (Φρσίν
826 2071 1134 2190 Ἀριστόίλουλος
1149 2094 1376 2191 Ἀλέξανδρον)

253 2196 373 2283 στόλους
393 2204 448 2271 καί
470 2198 649 2296 ὁρμητήρια
671 2197 735 2296 ἤδη
755 2193 1029 2284 κατεσκευάσθαι,
1051 2202 1106 2270 καί
1126 2204 1250 2286 πλοῖα,Ι
1263 2199 1305 2271 τοί
1319 2203 1379 2288 μὲν

252 2299 279 2366 ἕν
309 2308 437 2399 Φοινίκῃ
466 2333 503 2375 τε
532 2308 587 2376 καὶ
614 2301 743 2399 Κάπρῳ
776 2297 1062 2398 ναυπηγησάμενον
1091 2297 1227 2374 διάλυτά
1254 2301 1292 2372 τε
1322 2306 1378 2372 καὶ

250 2407 417 2503 ίομιρωτά,
441 2406 465 2478 ά
483 2410 679 2497 κομισθέντα
700 2410 749 2488 εἷς
771 2402 938 2501 Θάψακον,
960 2410 1107 2486 σταδίοις
1122 2402 1222 2489 ἑπτά,
1241 2405 1311 2477 εἶτα
1328 2410 1378 2496 aqi

249 2517 377 2603 ποταμῷ
397 2505 674 2637 κατακρμισθῆναι
692 2517 792 2606 μέχρι
809 2516 1020 2599 Βαβυλῶνος·
1041 2506 1083 2581 τά
1105 2506 1135 2582 δ’
1156 2512 1189 2594 ἐν
1207 2514 1249 2603 τῆ
1267 2517 1377 2597 Βαβυ-

247 2607 347 2707 λωνίρ
358 2611 525 2709 συμπηξάρ
527 2642 607 2686 ιενον
626 2621 691 2687 noir
712 2618 745 2686 ἐν
763 2623 833 2694 τοῖς
854 2609 970 2685 άλσεσι
988 2616 1042 2684 καί
1063 2622 1135 2693 τοῖς
1159 2616 1377 2707 παραδείσοις
1406 2662 1410 2670 1

245 2722 450 2829 κυπαρίττων.
478 2715 597 2799 Σπάνις
620 2717 688 2852 γάρ
718 2715 798 2812 ὕλης
828 2718 985 2788 ἐνταῦθα
1008 2718 1041 2789 ἐν
1061 2719 1099 2788 dd
1119 2719 1303 2796 Κοσσαίους
1323 2719 1377 2786 καί

243 2781 348 2904 ἄλλοις
366 2827 468 2913 τισλρ
455 2827 575 2918 μετρία
593 2826 644 2903 τίς
664 2825 749 2893 ἐστιν
771 2817 923 2915 εὐπορία.

286 2933 376 3002 Hunc
401 2946 591 3103 apparatum
614 2933 759 2998 navalem
782 2932 919 2997 strictim
941 2932 1070 3019 attingit
1093 2928 1285 2997 Plutarchus
1305 2932 1328 2999 l
1350 2933 1375 3001 l

243 3025 450 3146 [ρΧίΙΙΙιΠ
414 3041 524 3106 Πλοῖα
541 3029 767 3104 παντοδαπά
757 3035 837 3125 περὶ
859 3026 1056 3154 Θάψακονῖ
1032 3026 1205 3124 επὴχνντο,
1227 3032 1282 3100 καί
1303 3054 1377 3101 σον

243 3154 351 3221 ἳγοντο
378 3144 492 3211 ναῦται
516 3140 571 3207 καί
593 3139 786 3227 κυβερνῆται
805 3130 1024 3222 πανταχόθεν.
1064 3142 1210 3206 Distabat
1235 3140 1374 3228 Thapsa-

243 3257 314 3333 Dus,
334 3251 374 3317 ad
395 3273 493 3339 quam
514 3248 626 3314 urbem
646 3247 825 3332 Euphrates
846 3246 949 3329 trajici
975 3258 1007 3312 et
1025 3259 1152 3334 poterat
1172 3248 1325 3313 facillime
1344 3260 1376 3312 et

243 3302 360 3424 tolebat
389 3358 487 3437 adeo,
513 3354 615 3419 stadia
642 3355 730 3418 4800
759 3352 944 3438 Babylone,
972 3365 1009 3447 ut
1043 3355 1240 3441 computavit
1264 3356 1376 3419 Erato-

243 3462 385 3545 sthenes,
404 3476 484 3529 teste
508 3464 664 3528 Strabone
687 3459 716 3525 Il
735 3481 767 3546 p.
794 3462 858 3524 130
883 3460 906 3524 C
934 3481 1005 3547 sqq.
1029 3472 1060 3525 et
1082 3460 1152 3542 XVI
1173 3484 1207 3547 p.
1234 3462 1319 3525 1083
1334 3462 1374 3527 A.

243 3564 295 3640 Cu.
318 3574 341 3658 l.
360 3572 382 3640 l.
403 3573 557 3658 Droysen.
578 3592 610 3655 p.
632 3569 696 3632 218
719 3578 751 3631 et
766 3588 796 3633 τ.
816 3566 848 3633 d.
875 3566 957 3653 bes
976 3590 1009 3653 p.
1029 3569 1084 3633 44.
1116 3566 1166 3633 Ad
1182 3568 1373 3646 Phoenices,

244 3679 444 3759 peritissimos
464 3688 531 3741 turn
552 3687 662 3741 nautas
688 3686 759 3739 turn
777 3674 907 3738 navium
930 3674 1140 3754 architectos,
1160 3672 1375 3740 Alexandrum

243 3782 271 3849 in
282 3788 329 3850 rei
340 3786 488 3849 nauticae
499 3783 634 3869 penuria
644 3802 738 3866 saepe
750 3779 950 3867 confugisse,
969 3802 1007 3846 ex
1017 3803 1081 3845 non
1093 3804 1158 3846 uno
1166 3781 1294 3846 Arriani
1302 3782 1376 3846 loco
1450 3845 1452 3851 s

243 3903 380 3972 constat;
401 3912 499 3978 quern
515 3890 541 3954 si
561 3889 629 3954 adis
647 3889 685 3956 ll.
707 3890 763 3955 20.
783 3894 821 3966 3,
843 3891 879 3967 7;
901 3889 955 3954 21.
982 3893 1018 3969 13
1040 3886 1205 3968 111.6.3;
1226 3886 1278 3954 vl.
1295 3892 1373 3967 1.6‚

243 4000 342 4065 ubivis
360 3997 575 4062 Phoenicibus
586 3996 715 4078 junctos
728 3994 834 4059 rideas
851 3996 999 4081 Cyprios,
1018 4006 1126 4059 nostro
1141 3995 1214 4059 loco
1230 3995 1374 4062 omissos.

243 4105 459 4172 Aristobulunr
487 4114 593 4168 tamen
608 4103 797 4189 Cypriorum
816 4102 913 4178 fuisse
929 4124 1120 4182 memorem,
1140 4102 1248 4188 arguit
1264 4122 1377 4167 excer-

243 4224 330 4302 ptum
348 4211 523 4278 Strabonis.
556 4208 620 4275 Sed
636 4230 697 4274 nec
716 4210 926 4275 Cossaeorum
941 4209 1103 4302 Arrianus⁴
1112 4210 1307 4278 mentionem
1326 4208 1376 4271 in·

245 4320 333 4397 ecit,
352 4339 427 4382 cum
445 4339 585 4406 qnorum
604 4327 689 4381 terra
708 4315 824 4381 Strabo
842 4314 1052 4402 Babyloniam
1071 4326 1251 4401 comparat,
1270 4313 1376 4379 navali

243 4423 448 4493 rrborehaud
457 4444 652 4512 magnopere
662 4422 815 4501 leraoem;
829 4421 918 4509 quod
927 4422 1044 4508 ipsum,
1054 4422 1238 4488 oStrabone
1247 4443 1278 4507 p.
1288 4422 1374 4487 1073

243 4534 436 4618 Dproparte
447 4531 691 4609 confirmatum,
711 4530 808 4598 ctiam
819 4528 1210 4601 Arrianush.l.testatur.i
1227 4528 1375 4593 Cossaeos

244 4639 311 4733 ,llos
330 4636 508 4703 Alexander
527 4638 625 4724 paulo
645 4648 720 4703 ante
740 4637 913 4724 subegerat
936 4636 998 4703 sub
1018 4635 1114 4703 finem
1132 4658 1161 4704 a.
1180 4636 1267 4715 324,
1284 4634 1376 4702 babi-
