3300 5600
265 2293 325 2342 seu
349 2270 532 2340 literarum
554 2268 661 2339 laude
679 2270 792 2340 claros
818 2272 933 2351 viros,
956 2266 1054 2338 haud
1076 2270 1181 2360 pauci
1204 2270 1387 2350 exstitere,

264 2394 338 2486 qui,
358 2394 488 2487 quibus
501 2393 568 2484 ipsi
580 2393 823 2475 interfuerant,
838 2416 900 2484 pro
909 2415 973 2462 suo
982 2394 1133 2486 quisque
1146 2393 1292 2486 ingenio
1306 2415 1390 2461 con·

265 2518 417 2612 silioque
428 2518 700 2598 conscribentes,
729 2527 911 2586 tantarum
937 2538 1055 2584 rerum
1079 2518 1286 2586 memoriam
1306 2538 1386 2608 pro·

265 2663 394 2737 pagare
407 2639 452 2710 ad
462 2642 705 2732 posteritatem
717 2640 907 2712 studerent.
935 2639 1029 2710 Hinc
1040 2650 1316 2709 consentaneum
1335 2650 1388 2708 est

263 2767 378 2838 varios
398 2764 569 2859 prodiisse
588 2765 632 2836 de
654 2762 852 2837 Alexandri
866 2764 968 2837 rebus
981 2766 1087 2868 gestis
1100 2765 1387 2847 commentarios,

255 2891 397 2971 alium,
433 2901 474 2961 ut
503 2889 566 2971 fit,
605 2891 677 2962 alio
707 2894 866 2962 oratione
893 2902 929 2961 et
958 2891 1088 2970 forma,
1124 2888 1243 2960 sedin
1267 2892 1391 2981 primis

263 3016 411 3085 veritate
434 3016 647 3085 narrationis
665 3027 701 3086 et
722 3014 795 3085 fide
816 3015 1117 3109 praestantiorem.
1144 3014 1305 3107 Namque
1314 3011 1388 3096 hic,

262 3139 426 3233 neglecto
449 3140 546 3210 omni
569 3140 643 3210 stili
662 3140 794 3220 nitore,
817 3141 901 3210 satis
923 3138 1025 3209 duxit
1048 3141 1087 3208 in
1107 3137 1301 3208 diariorum
1320 3138 1392 3208 fere

263 3261 410 3333 modum
435 3264 579 3359 singula
610 3265 757 3346 itinera,
786 3265 946 3360 singulas
973 3286 1111 3360 pugnas
1142 3274 1179 3332 et
1205 3263 1388 3342 victorias,

198 3458 201 3465 ,
263 3387 564 3481 singulaomnino
578 3388 839 3475 lactanotasse;
865 3388 930 3457 ille
941 3383 1084 3458 narrata
1096 3389 1269 3457 sermonis
1282 3388 1390 3456 etiam

263 3510 440 3581 munditie
460 3513 701 3606 orationisque
718 3513 898 3609 elegantia
923 3510 1203 3583 commendanda
1225 3533 1300 3581 esse
1322 3533 1390 3602 pn-

263 3636 362 3708 tavit.
399 3634 511 3705 Fuere
539 3638 603 3730 qui
635 3635 759 3733 Regis,
790 3637 938 3707 fautoris
970 3637 1025 3705 sui
1057 3647 1165 3729 atque
1190 3636 1311 3715 amici,
1336 3657 1389 3703 res

263 3770 377 3854 gestas
398 3762 649 3853 perscribentes
666 3760 760 3832 nihil
772 3785 846 3833 non
858 3784 1067 3857 exaggerare
1079 3773 1115 3831 et
1128 3772 1267 3831 mortuo
1282 3761 1391 3831 etiam

262 3882 422 3965 adulari,
450 3908 558 3978 quarn
583 3888 680 3956 omni
700 3886 819 3958 studio
838 3889 952 3980 posito
969 3885 1114 3980 prodere
1126 3908 1206 3982 vera
1219 3885 1389 3970 mallent3

262 4008 521 4091 lueruntitem,
542 4032 615 4080 non
628 4011 706 4081 dico
719 4011 883 4082 consulto
897 4011 1099 4093 mendaces„
1122 4008 1184 4079 sed
1196 4008 1390 4102 stupendae

261 4131 416 4203 levitatis
441 4143 477 4203 et
511 4134 731 4205 credulitatis
764 4134 945 4218 hominos,
965 4138 1035 4231 .qui
1059 4133 1198 4205 fabulas
1223 4132 1325 4205 avide
1338 4156 1390 4202 se·

261 4266 395 4326 ctantes
416 4258 506 4326 mira
526 4260 645 4328 omnia
672 4258 898 4330 venditarent
915 4271 967 4344 et,
991 4261 1046 4329 nil
1057 4259 1129 4328 fere
1139 4259 1209 4327 nisi
1236 4268 1394 4327 monstra

260 4383 475 4466 somniantes
495 4392 530 4453 et
553 4394 729 4475 portenta,
757 4383 849 4454 falsa
869 4385 1093 4455 rerismisere
1106 4382 1389 4463 commiscerent3

264 4505 412 4578 luerunt·
439 4507 600 4589 tandem,
625 4508 685 4578 sed
704 4512 905 4602 paucissimi
926 4511 1053 4602 reperti
1073 4516 1177 4589 sunt,
1208 4508 1289 4601 qni,
1312 4504 1389 4575 uni·
