3300 5600
868 576 931 637 110

333 738 401 818 tuin
419 749 599 818 Alexandro
619 747 809 812 donatorum
834 766 968 811 numero
991 748 1065 811 satie
1084 766 1199 834 magua
1218 760 1266 812 est
1284 748 1365 814 iuter
1382 756 1455 817 scri-

319 871 436 945 ¹ptores
459 853 634 934 discordia,
658 875 755 940 quam
776 852 862 917 in're
877 875 990 939 parum
1010 853 1099 940 gravi
1111 853 1218 919 taedet
1236 854 1368 922 referre.
1385 856 1445 927 lid.

330 965 436 1032 Strah.
461 965 485 1030 l.
513 964 536 1028 l.
551 983 589 1048 .p.
613 963 699 1027 1025
724 962 763 1028 A.
791 961 836 1041 B;
861 958 954 1027 Diod.
981 959 1046 1026 Sic.
1065 958 1159 1026 XVII.
1189 963 1253 1040 92,
1281 960 1444 1028 delicudo

329 1085 400 1137 not.
422 1071 528 1134 onim.
555 1067 645 1136 v111.
677 1070 713 1147 1,
745 1068 821 1134 coll.
848 1066 906 1134 IV.
937 1067 996 1144 19,
1021 1066 1109 1133 Curt.
1134 1067 1191 1134 IX.
1216 1070 1247 1134 1.
1270 1068 1312 1133 81
1338 1089 1402 1154 sqq.
1417 1080 1441 1132 et

330 1179 413 1244 Plio.
431 1176 473 1239 H.
491 1172 535 1240 Ν.
559 1175 648 1244 VIII.
666 1177 728 1252 61,
752 1174 808 1261 qui
831 1171 986 1256 ejusmodi
1005 1194 1117 1238 canem
1137 1172 1320 1239 Alexandro
1338 1173 1439 1238 Indiam
1470 1200 1472 1205 ·

330 1282 451 1367 petenti
467 1281 508 1346 ab
530 1281 684 1347 Albaniae
703 1282 793 1367 Rege
813 1280 944 1345 missum
963 1278 1072 1346 tradit.
1469 1286 1472 1295 ’

850 1489 931 1553 XLI.

372 1648 537 1714 Plutarch.
563 1646 601 1710 de
624 1645 723 1711 Αλακ,
750 1668 775 1710 e.
796 1648 881 1712 virt.
901 1669 926 1711 e.
944 1644 1029 1730 fort.
1053 1646 1096 1713 Il.
1112 1649 1147 1714 9.
1170 1636 1216 1712 Ἐν
1239 1644 1384 1719 Μαλλοῖς
1399 1665 1437 1708 ιο

327 1743 466 1837 ξεόματι
496 1741 633 1838 διπήχειι
652 1743 707 1815 διά
733 1752 791 1815 τοῦ
820 1741 974 1840 θώρακος
1000 1748 1045 1826 εἰς
1076 1744 1115 1818 τό
1142 1749 1268 1838 στῆθος
1296 1741 1437 1819 ὑπελάσας

327 1848 582 1943 (Ἀλέξανδρος),
608 1848 706 1935 ἔλαβε
726 1845 807 1918 κατά
826 1855 884 1921 τοῦ
905 1847 1051 1938 αὐχένος,
1075 1846 1119 1931 ὠς
1139 1842 1437 1943 Ἀριστόβουλος

329 1948 488 2046 ἱστόρηκε.
620 1997 623 2003 -

372 2065 441 2129 Non
464 2062 567 2126 minus
585 2063 618 2126 in
629 2060 678 2126 his
696 2060 877 2147 discrepant
892 2062 975 2126 inter
986 2083 1020 2126 so
1030 2061 1173 2127 historici
1184 2110 1193 2141 ‚
1205 2078 1267 2126 uec
1279 2060 1319 2126 de
1330 2059 1438 2125 vulnere

326 2173 395 2256 ipso
407 2191 466 2234 nec
476 2167 516 2232 de
528 2168 630 2256 gentis
642 2169 770 2232 nomine
782 2170 1024 2235 consentientes.
1033 2170 1208 2257 Etgentem
1217 2167 1359 2254 quidem,
1369 2161 1437 2230 nodo

327 2277 451 2341 Iustino
462 2275 577 2353 dicam,
590 2273 647 2360 qui
656 2274 730 2341 XII.
743 2277 762 2339 9
777 2274 817 2338 de
827 2274 952 2339 Ambris
964 2286 996 2339 et
1006 2274 1191 2363 Sugambris
1200 2272 1436 2360 loquitur,loogo

327 2382 458 2468 plurimi
479 2378 676 2466 Ocydrome
690 2380 868 2467 appellant,
882 2381 1028 2447 Curtium
1044 2393 1121 2469 puta
1132 2382 1189 2448 Ill.
1208 2383 1240 2448 4.
1253 2382 1317 2460 26,
1336 2379 1435 2445 deliro.
1465 2382 1472 2441 i

329 2486 372 2556 V.
384 2489 425 2553 H.
434 2488 493 2553 111.
514 2489 574 2564 23,
591 2487 727 2572 Appian.
745 2487 785 2551 B.
799 2487 889 2555 011.
904 2489 967 2552 152
977 2535 987 2567 ,
997 2489 1186 2554 Pausaniam
1195 2488 1237 2554 Il.
1248 2491 1281 2555 6.
1295 2489 1334 2568 2,
1347 2486 1436 2551 Lacia-
1469 2484 1472 2531 Ἴ

328 2615 406 2658 num
428 2593 470 2658 D.
490 2594 538 2660 M.
557 2594 649 2675 xlv,
670 2593 780 2680 steph.
800 2593 877 2681 Byz.
901 2617 926 2659 s.
948 2616 977 2660 v.
998 2617 1031 2679 p.
1051 2597 1137 2675 219,
1158 2596 1212 2675 37,
1230 2594 1305 2662 coll.
1325 2593 1435 2659 Ptolem.
1469 2568 1472 2611 ³

326 2701 452 2786 Fragm.
469 2700 579 2765 XXIII
596 2723 628 2785 p.
653 2703 698 2766 64
718 2723 766 2787 sq.
785 2701 956 2766 Praecellit
974 2699 1023 2764 his
1041 2701 1251 2788 scriptoribus
1267 2701 1378 2765 Strabo
1393 2695 1437 2764 lll
1467 2682 1472 2771 i

326 2831 358 2894 p.
378 2809 526 2887 10261,
552 2809 609 2895 qui
629 2819 665 2872 ut
676 2808 857 2894 saepissimo
877 2808 939 2873 hoc
957 2807 1040 2873 libro
1056 2809 1278 2874 Aristobulum
1296 2820 1436 2873 auctorem
1469 2784 1472 2834 ¹

327 2914 451 2995 laudat,
473 2916 524 2979 vel
543 2915 640 2979 tacite
656 2915 725 2998 ejus
742 2915 882 3000 vestigiis
902 2915 1035 2994 insistit,
1059 2916 1103 2981 ita
1120 2914 1178 2980 liic
1199 2936 1309 2980 rursus
1329 2910 1437 2981 Malos

326 3043 504 3086 memorans
534 3020 676 3105 ejusdem
705 3022 897 3086 auctoritate
916 3022 1040 3088 nititur.
1072 3020 1264 3087 Plutarchus
1287 3013 1437 3104 vero,qul

325 3127 487 3192 interdum
507 3128 577 3212 ejus
594 3149 661 3193 mos
684 3140 747 3209 est,
772 3127 832 3191 sibi
849 3149 914 3192 non
939 3138 1072 3196 constat.
1108 3130 1195 3212 Quos
1222 3128 1307 3192 enim
1332 3129 1355 3196 l.
1374 3128 1394 3193 l.
1415 3128 1438 3185 et

325 3232 422 3300 Orat.
441 3235 468 3301 l.
489 3235 509 3297 2
533 3232 602 3322 (ubi
622 3215 786 3299 Μάλλωσι
808 3232 1036 3320 corrigendum
1052 3234 1086 3298 in
1101 3231 1263 3321 Μαλλοῖς)
1292 3256 1368 3300 cum
1382 3227 1438 3298 Iri·
1467 3185 1472 3332 l

323 3339 450 3404 stobulo
480 3340 611 3405 Mallos
638 3338 734 3417 dixit,
757 3339 890 3404 iuferius
912 3342 934 3406 l.
963 3341 1112 3407 l.II.13
1140 3339 1339 3426 oxydracas
1354 3345 1437 3404 rocul-
1467 3335 1472 3460 ρ

322 3445 409 3510 Alibi
436 3469 546 3511 rursus
580 3443 669 3532 (Vis.
699 3442 798 3510 Alco.
832 3447 886 3515 LV
913 3471 938 3513 s.
966 3446 1002 3533 f.)
1036 3444 1067 3511 ἐν
1088 3443 1239 3518 Μαλλοῖς
1255 3434 1439 3534 Ὀξυδράκαις
1470 3463 1472 3534 ι

322 3552 524 3619 vulneratum
551 3550 768 3616 Alexandrum
799 3551 905 3620 docet.
939 3553 1002 3616 Scd
1032 3552 1085 3616 hic
1112 3549 1254 3614 Charetis
1282 3551 1377 3615 rerba
1398 3567 1439 3611 er·

321 3660 446 3743 primu,
468 3658 560 3740 cujus
577 3658 650 3722 ride
666 3658 792 3744 Fragm.
809 3660 866 3726 XI.
900 3659 1070 3725 Charetem
1088 3668 1195 3721 autem
1217 3667 1248 3720 ot
1268 3658 1438 3743 quicunque
1470 3641 1472 3648 ¹

321 3764 477 3852 oppidum
489 3764 730 3851 Oxydracarum
750 3763 916 3848 dixerunt,
941 3766 1069 3830 omnino
1087 3763 1181 3827 falsos
1202 3784 1288 3843 csso,
1309 3774 1439 3849 apertum
1470 3787 1472 3794 ·

321 3883 420 3936 estex
442 3870 570 3939 Arriau.
590 3872 646 3940 VI.
673 3873 725 3937 11.
747 3873 779 3938 3.
812 3860 854 3935 Ἐν
875 3860 1091 3958 Ὀξυδράκαις,
1114 3869 1238 3956 inquit,
1262 3861 1301 3935 τό
1314 3859 1441 3954 πάδυμῦ

318 3975 415 4039 τοῦτο
449 3972 604 4061 γενέσθαι
627 3964 836 4061 Ἀλεξάνδρῳ
864 3969 883 4039 ὁ
908 3973 975 4047 παῖς
1000 3966 1094 4058 λόγος
1116 3970 1243 4057 κατάχει
1265 3992 1276 4011 ·
1298 3964 1338 4039 τά
1364 3961 1442 4038 δὲέν

324 4077 486 4157 Μαλλοῖς,
499 4072 591 4142 ἔθνει
607 4068 773 4160 αὐτονόμῳ
787 4068 923 4159 Ἰνδικῷ,
941 4073 1070 4163 ξυνέβη,
1089 4075 1142 4140 καλ
1159 4068 1231 4163 ἥτε
1245 4065 1343 4149 πόλις
1359 4070 1443 4141 Mate

321 4179 386 4244 λοῖν
404 4168 442 4268 ἦν
462 4179 517 4244 καὶ
537 4177 572 4246 οἱ
587 4170 744 4263 βαλόντες
757 4171 966 4265 Ἀλέξανδρον
986 4177 1121 4245 Μαλλοί
1141 4200 1151 4217 ·
1168 4172 1202 4245 o‘l
1222 4170 1262 4265 δή
1283 4167 1446 4264 ἐγνώκεσαν

321 4280 614 4365 μὲν-ξυμμίξαντες
637 4286 706 4357 τοῖς
729 4271 933 4371 Ὀξυδράκαις
960 4273 1044 4347 οὕτω
1066 4279 1337 4367 διαγωνίζεσθαι,
1365 4276 1449 4376 ἔφθη

322 4382 360 4449 δὲ
374 4378 429 4451 διά
442 4387 500 4474 ιῆς
516 4376 656 4475 άνάδρον
670 4377 722 4453 ἐπ’
741 4377 860 4459 αάιοδς
881 4375 1014 4466 ἐλάσας,
1037 4382 1116 4472 πρίν
1132 4407 1204 4451 τινα
1220 4374 1384 4472 ὠφέλειαν
1399 4371 1450 4450 αδ-

320 4489 389 4561 τοῖς
409 4483 503 4578 παρά
520 4489 586 4556 νῶν
600 4482 795 4578 Ὀξυδρακῶν
814 4486 984 4573 γενέσθαι,
1006 4480 1029 4575 ἢ
1047 4477 1164 4562 ostiolo
1179 4485 1311 4561 ἐκείνοις
1327 4511 1363 4554 τι
1372 4484 1452 4554 ἐπα·

320 4589 470 4678 φελῆσαι.
