3300 5600
309 2358 390 2427 Jam
410 2370 523 2439 tenes,
548 2356 756 2426 amicissime
770 2353 891 2439 Geeri,
914 2381 1006 2451 quae
1017 2357 1190 2429 scribendi
1198 2356 1265 2427 hoc
1276 2380 1378 2450 opus·
1417 2439 1420 2444 ,

261 2482 381 2552 culum
391 2483 552 2576 princeps
562 2479 650 2551 mihi
660 2481 767 2551 fuerit
780 2504 900 2562 causa,
914 2482 1012 2576 quod
1024 2482 1173 2591 utt'anta
1182 2495 1223 2554 tu
1232 2484 1380 2575 accipias

192 2605 198 2614 ’
260 2606 521 2687 benevolentia,
546 2616 683 2699 quanta
702 2628 767 2699 ego
790 2609 893 2677 mitto
913 2609 1022 2677 animi
1036 2608 1236 2701 voluptate,
1259 2609 1380 2723 admo-

263 2731 348 2802 dum
371 2752 471 2825 spero
496 2742 659 2825 optoque.

312 2856 436 2927 Finem
460 2854 633 2926 scribendi
657 2854 827 2935 lacerem,
852 2858 919 2925 nisi
944 2866 1202 2949 peropportune
1220 2858 1382 2927 subiisset

261 2980 350 3051 mihi
371 2975 715 3061 Duridis‘memoria,
742 2978 786 3053 de
800 2993 1107 3074 quopaucasunt,
1134 2983 1281 3075 quaesb
1294 2980 1383 3050 Hec-

261 3105 345 3176 lrero
368 3102 532 3185 edoctus,
559 3102 647 3175 Viro
667 3101 785 3183 Doet,
812 3114 847 3175 te
868 3105 1043 3180 monitum
1066 3107 1183 3176 velim.
1213 3105 1250 3174 Is
1275 3108 1384 3201 igitur

262 3230 462 3324 nuperrime
479 3230 718 3322 conjecturam
736 3229 917 3321 quandam
927 3253 1027 3300 suam
1038 3254 1176 3301 mecum
1189 3255 1251 3324 per
1263 3233 1384 3321 literas

262 3354 551 3434 communicavit,
578 3376 650 3446 qua
673 3376 843 3446 perquam
864 3356 1044 3450 ingeniose
1055 3337 1188 3425 nemini
1201 3355 1319 3425 adhuc
1331 3359 1386 3426 in·

262 3478 445 3549 tellectum
466 3475 632 3571 Hesychii
654 3477 773 3548 locum
793 3479 844 3551 ite
862 3478 1047 3549 emendare
1067 3490 1173 3572 atque
1195 3480 1386 3573 explanare

263 3602 419 3684 studuit,
445 3613 487 3672 ut
518 3599 662 3672 Doridis
698 3626 810 3695 quum
848 3605 1038 3697 paululum
1062 3603 1295 3703 locupletaret
1316 3606 1386 3674 fra-

263 3738 424 3823 gmenta,
457 3725 502 3796 ad
530 3725 722 3796 dictionem
746 3728 855 3797 simul
878 3726 1130 3798 illustrandam
1157 3729 1388 3823 aliquantum

263 3852 442 3922 conferret.
465 3848 572 3942 Quod
589 3874 661 3944 quo
678 3853 789 3945 magis
810 3854 999 3946 intelliges,
1022 3855 1096 3946 ipse
1110 3852 1259 3922 Heolteri
1282 3855 1389 3923 verba

262 3974 318 4045 his
351 3976 571 4074 interponere
596 3977 719 4068 juvat,
758 4000 804 4046 ne
828 3977 917 4047 forte
951 3980 1037 4048 meis
1071 3989 1175 4048 utens
1214 3980 1284 4047 vim
1309 3979 1389 4070 ejus

264 4101 578 4195 argumentationis
608 4100 779 4195 frangam.
814 4099 1020 4181 «obscura,
1049 4103 1185 4195 inquit,
1219 4106 1391 4173 memoria

264 4222 428 4293 dictionis
449 4244 523 4292 non
547 4225 670 4305 tritae,
694 4226 732 4293 iu
758 4222 905 4295 Duridis
930 4228 1066 4319 scriptis
1090 4228 1273 4308 inventae,
1298 4225 1391 4297 deli-

263 4360 392 4418 tescere
427 4347 566 4418 videtur
601 4350 639 4418 in
672 4348 961 4442 depravatissima
1003 4349 1169 4444 Hesychii
1204 4353 1323 4446 glossa
1357 4377 1390 4423 r.

264 4470 482 4561 Καταρίστην,
512 4466 632 4563 ὀρθὴν,
659 4464 840 4563 δουρωτὴν.
865 4468 958 4573 stood
982 4466 1177 4560 Καλλιμάχῳ
1200 4477 1237 4541 δὲ
1254 4470 1313 4564 τήν
1334 4467 1393 4560 χά-

264 4593 371 4672 λαζαν.
393 4593 540 4662 Nullam
559 4599 762 4665 varietatem
782 4619 801 4664 e
820 4595 938 4665 codice
952 4595 1087 4697 Veneto
1103 4600 1259 4666 enotavit
1279 4596 1392 4667 Scho-
