3300 5600
238 2339 289 2386 me
307 2316 536 2408 exquisivisse
557 2314 672 2410 leges,
700 2314 795 2384 unde
816 2315 911 2385 illud
929 2314 1085 2387 Eudocia
1111 2316 1263 2409 petitum
1282 2319 1354 2387 ire-

238 2442 289 2510 rit
323 2437 431 2531 Quod
459 2460 571 2532 quum
600 2439 802 2521 scriberem,
835 2435 1096 2508 Analectorum
1128 2435 1355 2510 Aleoondri·

236 2586 383 2646 αονυυι,
418 2578 512 2657 quae
536 2567 651 2656 nuper
676 2563 872 2635 Meinelrius
901 2564 967 2638 Vir
993 2562 1109 2635 Celeb.
1139 2563 1272 2648 edidit,
1298 2567 1356 2637 vix
1407 2638 1411 2647 ,

236 2690 373 2783 aliquot
409 2689 630 2782 inspexeram
649 2690 814 2783 paginam
840 2690 972 2783 quippe
997 2689 1300 2784 elegantissimum
1321 2700 1357 2759 et

236 2806 434 2885 reconditae
452 2812 631 2884 doctrinae
655 2814 802 2907 plenum
823 2814 1035 2914 opuscplum
1059 2816 1088 2884 si
1113 2815 1355 2909 perlegissem,

236 2940 382 3009 certiora
401 2939 440 3007 in
464 2939 585 3008 literas
610 2939 737 3009 referre
759 2941 962 3032 potuissem.
990 2939 1129 3010 Profert
1150 2938 1246 3008 enim
1271 2937 1356 3007 llei-

235 3062 359 3133 nekius
377 3087 411 3156 p.
434 3056 508 3132 346
532 3064 651 3133 locum
674 3086 717 3134 ex
738 3064 832 3136 libro
861 3062 1051 3158 Theophili
1073 3063 1119 3135 cd
1139 3060 1358 3158 Autolycum

236 3186 287 3257 II.
313 3186 358 3269 7,
385 3189 449 3280 qui
471 3186 568 3256 unde
589 3211 654 3258 sua
676 3188 931 3283 deprompserit
961 3187 1120 3259 Eudocia
1142 3189 1261 3284 arguit
1285 3188 1358 3258 ori-

236 3310 447 3382 dentissime.
476 3307 537 3382 Ad
562 3311 666 3382 illam
691 3323 810 3384 autem
833 3314 1165 3384 commentationem
1188 3312 1359 3406 quoniam

235 3435 380 3507 fortasse
416 3438 484 3508 tibi
517 3460 591 3508 non
625 3441 795 3510 continuo
824 3448 923 3531 patet
955 3436 1089 3521 aditus,
1122 3438 1360 3532 fragmentum

238 3558 354 3654 Satyri
383 3561 510 3632 lubens
537 3564 577 3635 in
604 3560 698 3633 hanc
724 3563 913 3657 epistolam
941 3563 1143 3646 includam,
1176 3561 1358 3654 adscriptis

237 3682 402 3754 lleinelrii
423 3687 652 3778 conjecturis,
676 3687 890 3781 quibuscum
903 3709 998 3758 meas
1011 3686 1158 3757 mirifice
1169 3707 1360 3781 congruere

236 3807 459 3879 vehementer
478 3811 626 3905 gaudeo.
651 3811 757 3901 Atyn
775 3801 869 3881 οὖνὸ
891 3809 1036 3904 Σάτυρος
1056 3806 1180 3889 οὕτως·
1201 3802 1359 3881 Διονύσου

236 3939 289 4006 nat
302 3931 441 4017 ’Λλθέας
451 3940 529 4030 (leg.
546 3933 716 4028 Ἀλθαίας)
729 3941 788 4031 τῆς
802 3940 941 4010 Θεστίου
951 3941 1144 4031 γεγενῆσθαι
1154 3931 1358 4027 Δηϊάνειραν,

236 4062 291 4149 τῆς
311 4058 350 4127 dd
369 4060 424 4128 καὶ
439 4054 632 4153 Ἡρακλέους
652 4063 712 4129 τοῦ
731 4057 811 4139 Διὸς
833 4054 923 4148 οἶμαι
937 4055 1140 4145 ‘litomeri
1161 4060 1197 4128 δὲ
1216 4050 1361 4147 Κλεόδη-

237 4205 297 4264 μον
322 4183 400 4273 (leg.
426 4184 634 4269 Κλεοδαῑον),
659 4185 720 4253 τοῦ
740 4183 778 4251 dd
795 4175 1044 4275 Ἀροσσόμαχου,
1063 4183 1123 4251 νοῦ
1145 4182 1182 4249 δὲ
1205 4174 1359 4274 Τήμενον,

236 4307 294 4372 τοῦ
320 4306 358 4373 δὲ
381 4311 532 4391 Κεῖσονῑ,
556 4308 616 4375 τοῦ
646 4306 683 4374 δὲ
710 4298 874 4397 Μάρωνα,
905 4308 964 4375 τοῦ
992 4306 1029 4375 δὲ
1058 4306 1207 4390 Θέστιον,
1238 4307 1298 4375 τοῦ
1320 4304 1357 4373 δὲ

271 4580 297 4643 ¹l
327 4582 362 4630 lle
385 4582 434 4631 hoc
460 4578 576 4646 nomine,
599 4582 667 4646 quod
686 4582 773 4631 itidem
792 4582 865 4645 tetigi
884 4599 908 4648 p.
927 4581 960 4646 6,
986 4583 1022 4633 sio
1040 4589 1127 4632 monet
1144 4582 1170 4630 in
1189 4586 1248 4630 uota
1270 4581 1361 4629 llcino·
