3300 5600
805 548 848 611 76

257 748 325 806 ται,
348 716 453 819 dada
475 714 658 808 ἄποληκοῦν
678 722 747 794 τοῖς
762 709 943 796 decolora,
969 741 1052 806 quac
1076 733 1228 806 repetunt
1243 721 1423 789 Pharius.

256 831 380 896 Auctor
400 827 489 916 App.
512 827 635 892 Prooo.
654 836 685 890 ct
709 825 874 891 Arrenius.
909 825 970 893 Vel
990 827 1036 890 sic
1056 837 1162 892 lamen
1183 827 1265 894 haec
1283 850 1346 915 per
1370 838 1422 889 sc

198 1010 201 1018 ,
259 959 325 1003 nou
341 948 389 1002 sat
408 935 512 1022 gratis
528 934 611 998 foret
637 954 749 1012 causa,
769 953 830 997 cur
852 931 1025 998 Arriauum
1043 954 1107 997 nou
1131 955 1169 998 ex
1189 934 1390 1000 Aristobulo
1413 964 1420 993 ι

259 1043 314 1108 σεδ
334 1044 397 1107 alio
415 1042 504 1105 lente
522 1039 660 1105 hausisse
679 1059 881 1123 poneremus.
905 1039 1003 1118 Nam,
1024 1051 1060 1104 ut
1077 1040 1423 1106 animadvertitllae‘

258 1147 331 1215 liius
351 1170 383 1235 p.
406 1150 473 1212 250
494 1169 554 1234 sq.,
572 1145 642 1209 fieri
659 1145 754 1209 lacile
770 1145 940 1231 potuisset,
962 1158 998 1210 ut
1016 1146 1187 1225 Arrianus,
1214 1169 1318 1234 quum
1335 1144 1426 1212 ali‘

260 1254 341 1344 quid
358 1255 487 1342 legisset
503 1252 543 1318 de
561 1253 707 1336 manibus
728 1252 843 1316 erectis
866 1251 972 1339 deque
991 1255 1143 1339 strepitu,
1163 1274 1200 1318 cx
1219 1246 1434 1341 digitorurffl

260 1362 387 1448 crepitu
419 1361 594 1447 complosas
632 1380 744 1424 manus
775 1359 926 1426 officeret.
969 1359 1033 1424 Sed
1054 1361 1158 1446 ipsum
1181 1361 1437 1448 epigramma!

261 1467 348 1556 quod
368 1467 487 1546 refert,
508 1467 649 1532 alienum
670 1464 789 1529 sontem
808 1466 975 1531 manifeste
992 1468 1118 1553 arguit,
1140 1467 1189 1531 uti
1206 1468 1315 1532 statim
1334 1475 1437 1552 ap!

259 1574 397 1660 parebit.
431 1575 550 1643 Veram
579 1571 818 1656 inscriptionem
847 1592 986 1636 servasse
1014 1572 1141 1638 ridetur
1165 1574 1301 1653 Strabo,
1325 1572 1437 1657 jaros

260 1679 453 1747 Taschuckii
469 1702 547 1744 cura
561 1678 714 1743 liberatus
733 1677 774 1745 ab
792 1679 881 1743 inani
894 1680 1139 1765 interpolatione
1158 1671 1198 1745 σδ
1213 1670 1254 1759 δ’,
1267 1666 1297 1742 ὦ
1310 1674 1385 1757 ξένε,

260 1799 335 1854 anto
362 1780 459 1850 ἔσθιε
475 1786 517 1850 ab
541 1784 624 1849 Aldo
647 1786 775 1851 inserta.
808 1786 854 1849 Ex
877 1785 934 1849 illo
960 1786 1169 1874 corrigendus
1189 1783 1386 1860 Athenaeus,

260 1895 315 1960 cui
330 1892 653 1978 Schweighaeuserus
670 1892 841 1978 genuinam
861 1892 998 1957 formam
1008 1879 1297 1978 Ἀνακυνδαράξεω
1312 1888 1389 1952 male

259 1999 402 2066 abstulit.
434 1998 559 2063 Ibidem
581 2001 668 2064 socio
687 1994 813 2083 ἔδειμεν
839 1998 952 2064 ultima
972 1998 1094 2087 syllaba
1119 1997 1215 2063 lacile
1240 1995 1391 2080 absorpsit

259 2106 408 2172 voculam
436 2100 483 2185 ἐν,
509 2128 606 2194 quam
632 2117 758 2192 praeter
786 2107 977 2172 Strabonem
1007 2111 1172 2170 servarunt
1196 2100 1391 2188 Stephanus,

258 2213 450 2280 marcasio
476 2199 694 2300 Κννδαρᾶξεω
720 2223 752 2277 et
780 2199 901 2298 ἡμέρᾳ,
925 2223 957 2278 et
986 2211 1105 2278 achat:
1120 2209 1285 2295 Aristoph.
1312 2205 1392 2274 Aoo.

260 2321 365 2400 1022,
382 2318 523 2406 indeque
542 2317 686 2383 Eudocia
704 2342 737 2405 p.
757 2321 835 2386 372.
866 2320 1043 2389 lilii'aliam
1057 2311 1214 2406 pr'aebent
1236 2315 1392 2380 recensio·

258 2448 349 2504 nem,
372 2425 560 2510 praesertim
579 2424 655 2489 inde
673 2413 761 2491 ab
734 2446 780 2500 ως
794 2414 905 2491 τᾶλλα.
929 2428 1051 2491 Horum
1066 2423 1260 2490 Arrianus
1232 2422 1390 2508 srclegit:

260 2518 574 2662 Σαρδανάπαλος,
555 2520 868 2618 σἈνακυνδαραξου
891 2533 985 2612 παῖς,
1007 2522 1174 2616 Ἀγχίαλον
1189 2526 1244 2592 καὶ
1269 2519 1397 2614 Ταρσόν

206 2669 208 2674 ’
257 2639 291 2707 ἐν
314 2632 422 2730 ἡμέρᾳ
448 2639 510 2727 μιᾷ
535 2637 697 2725 ἐδείματο.
727 2635 773 2708 Eri
801 2639 853 2723 δὲ,
876 2665 902 2706 ω
889 2632 1012 2723 ξένε,
1044 2635 1137 2708 ἔσθιε
1163 2637 1218 2705 καὶ
1243 2642 1325 2706 πῖνε
1345 2635 1395 2703 acl

257 2750 387 2834 παῖζε·
410 2744 456 2828 ὠς
483 2742 586 2817 τᾶλλα
609 2746 652 2818 τοὶ
677 2742 872 2842 ἀνθρώπινα
901 2745 958 2820 οὐκ
984 2744 1061 2821 όντα
1084 2743 1202 2821 τούτου
1229 2741 1315 2831 ἄξια.
1343 2741 1394 2817 τόν

257 2855 373 2957 ψόφον
395 2842 631 2947 αἰνισσόμενος,
661 2856 763 2954 ὅνπερ
790 2862 823 2932 αἱ
844 2868 952 2954 χεῖρες
977 2863 1033 2932 ἐπὶ
1053 2864 1102 2950 ‘roi
1122 2853 1231 2954 κρότῳ
1252 2862 1394 2929 ποιοῦσι.

257 2978 340 3050 Vide
371 3001 468 3068 quam
496 2978 598 3045 multa
632 2978 789 3047 immutet.
831 2980 949 3064 Rejicit
977 2979 1121 3046 ionicam
1153 2980 1306 3057 formam,
1338 2999 1393 3064 pro

257 3074 431 3171 Ἀγχιαλην
450 3086 563 3150 scribit
578 3062 765 3169 Aspicies,
788 3078 914 3166 εδειμεν
931 3099 1033 3152 mutat
1051 3087 1084 3152 in
1102 3082 1254 3167 idcircone
1274 3096 1306 3148 et
1324 3084 1393 3149 loco

257 3201 382 3270 ιιιονει,
405 3204 476 3310 ρριι
505 3184 598 3256 ἔσθιε
619 3201 650 3255 et
671 3191 745 3255 πῖνε
767 3192 880 3258 intexit
903 3195 1052 3312 copulapr
1073 3188 1142 3270 καὶ,
1167 3189 1309 3277 denique
1339 3210 1393 3276 pro

257 3285 375 3360 amireo
398 3288 455 3360 οὐκ
482 3287 558 3375 ἄξια
576 3296 683 3362 reddit
707 3287 754 3359 τδ
773 3288 966 3384 δνθρώπινα
992 3288 1050 3363 oria
1072 3287 1149 3362 ὄντα
1169 3285 1303 3396 τσότόο
1311 3284 1394 3373 δι’ξια

256 3399 351 3482 Quod
369 3422 444 3466 vero
467 3392 583 3467 solmon
608 3406 837 3490 interpretatur
854 3403 916 3467 de
918 3405 1043 3489 crepitu
1070 3391 1248 3481 manuum,
1263 3422 1325 3465 nec
1348 3399 1394 3464 di·

258 3507 415 3592 gitorum,
435 3507 498 3573 hoc
517 3510 546 3573 ei
565 3510 787 3597 largiendum,
806 3512 864 3596 qui
882 3533 978 3596 supra
1001 3509 1040 3573 de
1064 3508 1393 3593 complosismanibus

256 3615 407 3682 narrarit.
441 3616 541 3681 Tanta
567 3607 951 3704 igitur'discrepantiaai
980 3618 1075 3681 etiam
1100 3618 1134 3680 in
1165 3615 1252 3694 aliis,
1280 3616 1395 3701 utique

257 3742 322 3785 non
351 3722 386 3786 in
417 3724 602 3788 recensione
629 3726 864 3811 epigrammatis
895 3723 1028 3789 ferenda
1053 3734 1111 3789 est.
1154 3722 1317 3804 Quocirca
1345 3721 1397 3789 sel

255 3827 350 3891 fallor
367 3829 518 3915 equidem
532 3831 580 3894 vel
591 3832 713 3914 Naelrio
731 3833 876 3897 assentiri
889 3832 1046 3917 cogimur,
1065 3830 1255 3907 Arrianum,
1269 3828 1396 3892 deserto

256 3933 350 3998 inhia
362 3937 514 4021 primario
535 3938 640 4019 fonte,
657 3939 861 4019 Aristobulo,
882 3960 940 4003 sua
951 3935 1081 4002 aliunde
1093 3948 1208 4021 vpetere
1225 3936 1393 4030 ¹maluisse;

257 4062 452 4129 quamquam
474 4044 558 4108 unde
579 4045 771 4130 profecerit,
793 4067 833 4109 ne
854 4045 1013 4128 conjicere
1036 4043 1169 4130 quidem
1188 4042 1301 4108 ausim.
1338 4033 1395 4107 Ce-

257 4162 364 4213 terum
380 4150 468 4236 quod
485 4151 661 4217 Aristobuli
679 4153 822 4217 recensio
842 4152 984 4217 continet
997 4150 1192 4216 vocabulum
1209 4142 1324 4222 παῖζε,
1343 4146 1395 4225 id,

256 4263 337 4318 testa
352 4256 505 4338 Arriano,
528 4247 801 4345 ῥᾳδιουργότερον
817 4244 1043 4345 ἐγγεγράφθαι
1061 4250 1188 4343 ἔφασαν
1210 4251 1259 4335 τῷ
1275 4243 1399 4316 Ἀσσυ-

257 4356 320 4447 ρίῳ
339 4350 480 4444 ὀνόματι.
502 4366 587 4429 Hinc
606 4353 701 4445 όχευε
719 4362 878 4428 dederunt
897 4360 1110 4447 Apollodorus
1132 4382 1182 4445 ap.
1200 4356 1309 4424 Sobel.
1323 4357 1396 4421 Ari-

207 4455 211 4461 *
257 4468 360 4557 stopb.
382 4472 404 4539 l.
418 4472 454 4550 l.,
474 4471 620 4536 Suidasl.
633 4471 656 4538 l.
677 4482 709 4534 et
729 4491 758 4536 ι.
771 4456 885 4549 Ὀχεόω
902 4470 935 4534 11
949 4491 982 4555 p.
1002 4470 1085 4547 748,
1107 4466 1258 4545 Pbolius,
1275 4462 1393 4542 ceteri3

257 4563 477 4663 ἀφροδισίαζε
485 4578 677 4645 Plutarchus
687 4578 784 4644 Orat.
796 4577 836 4642 ds
846 4576 944 4642 Alea.
957 4575 999 4643 11.
1011 4578 1043 4641 3.
1063 4574 1110 4641 Gi.
1121 4570 1307 4656 Noekiusp.
1316 4572 1394 4636 245.
