3300 5600
796 591 858 656 soz
876 577 879 581 ’

260 765 386 853 ἑταῖροι
406 719 573 879 ἐκαθηντο.
600 749 1033 882 Τῦκτιγαοῦνήμελημέγων
1044 751 1271 877 ανθργίιιιοκίο

261 868 326 934 νῦν
346 865 379 985 ἐν
398 865 530 956 oeten
551 855 718 989 ῦῦίσμῳ”
696 887 774 932 οντα
784 857 980 953 λεγουσιν)
953 886 1077 954 ερημον
1088 852 1248 930 ιδοντα
1209 884 1266 928 τον

261 969 314 1036 καί
334 962 394 1044 τοὶς
413 966 537 1049 κλίνας,
564 966 644 1055 περί
663 968 713 1052 τῷ
733 957 847 1057 θρόνῳ
874 964 946 1035 dd
932 957 1106 1084 εστηκῦτας
1125 962 1203 1040 τοῦς
1224 957 1271 1031 eris

260 1072 328 1157 (καί
347 1065 410 1161 γαρ
431 1069 535 1137 καλ
502 1093 535 1137 οι
549 1068 672 1160 ἑταῖροι
686 1067 918 1159 ξυνανέστησαν
932 1070 979 1155 τῴ
978 1059 1167 1153 Ι’βασιλεῖ
1145 1091 1271 1156 anexeo<

261 1165 434 1243 διελθόντα
455 1166 511 1241 deci
529 1173 594 1239 τῶν
615 1163 790 1258 εῦνοῦχων,
811 1163 969 1261 ῦναβῆναί
988 1195 1026 1262 τε
1046 1169 1103 1238 sot
1123 1164 1178 1237 τῦν
1200 1162 1271 1259 θρό·

260 1276 483 1358 καθίζεσθαι·
504 1268 581 1352 τοῦς
602 1273 640 1342 dd
661 1266 718 1342 οῦκ
738 1267 916 1364 ῦνασιῆσσι
935 1273 995 1361 μέν
1014 1268 1111 1366 ρἰιυτῦν
1132 1271 1166 1340 ἐκ
1187 1276 1271 1340 τοῦθ

260 1372 342 1448 κατὰ
362 1371 403 1468 δή
423 1403 493 1446 τινα
513 1371 611 1462 νόμον
630 1370 808 1466 Περσικὸν,
830 1375 1128 1469 περιρῥηξαμὲνους
1150 1376 1188 1446 δὲ
1208 1368 1271 1444 τῦτι

259 1474 302 1550 τά
326 1505 365 1550 τε
385 1473 493 1572 στηθη
513 1480 568 1547 καλ
587 1474 629 1547 τῦ
650 1471 832 1570 πρόσωπα,
855 1474 901 1557 oie
921 1475 979 1548 ἐπί
998 1471 1129 1568 μεγάλῳ
1150 1483 1248 1571 κακῷ.

260 1579 307 1662 ιῦς
327 1584 504 1674 ἐξηγγέλθη
525 1573 749 1673 Ἀλεξάνδρῳ,
777 1583 1200 1674 κελεῦσαιστρεβλωθῆναι
1219 1577 1271 1652 νῦν

260 1709 373 1770 σαντα,
394 1678 522 1778 μήποτε
541 1684 576 1766 ἐξ
593 1685 768 1775 ἐπιβουλῆς
781 1684 1027 1774 ξυντεταγμένον
1040 1688 1137 1754 τοῦτο
1156 1681 1271 1775 ἔδρασε

259 1817 311 1859 ναι
325 1790 494 1858 θέλοντα·
515 1812 571 1856 τον
596 1788 634 1856 δὲ
661 1781 755 1877 oudin
775 1781 855 1856 ἄλλο
877 1784 1073 1872 ἐξειπεῖν,”
1053 1814 1104 1857 οτι
1124 1784 1170 1880 μή
1192 1788 1271 1857 ἐπὶ

260 1888 359 1962 ἕλθον
382 1887 467 1959 οῦτοι
488 1892 631 1982 πρᾶξαι·
651 1883 735 1981 ,ἤδη
755 1891 811 1958 καλ
831 1891 992 1989 μάλλα’
973 1915 1017 1962 επ
1016 1883 1154 1960 οῦδενλ
1174 1884 1271 1982 οίγαθι

237 1999 356 2088 ’.βῆναι
376 1987 466 2082 αῦτιῦ
486 1995 520 2063 οἱ
539 1986 669 2080 μῦντεις
689 1985 867 2085 ἐξηγοῦντο.

304 2105 516 2170 Μοιοίοοιιιοῑ
533 2101 677 2188 ejusdem
693 2102 834 2190 prodigii
848 2102 1041 2169 Plutarchus
1059 2103 1111 2173 V
1095 2115 1135 2169 rt.
1149 2103 1271 2169 Aleos}

260 2232 310 2300 sq.
340 2220 372 2274 et
398 2209 554 2276 Diodorus
582 2210 606 2277 l.
628 2209 651 2276 1.
665 2258 681 2290 ,ψ
706 2220 821 2274 neuter
839 2209 1024 2276 Aristobulo
1044 2232 1149 2298 neque
1168 2211 1263 2275 etiam

261 2328 399 2404 uterque
415 2316 505 2386 fonte
521 2336 609 2384 usus.
632 2314 693 2380 Ille
706 2315 895 2403 Dionysium
911 2317 1108 2404 appellatum
1124 2315 1271 2382 hominen

261 2425 451 2488 messenium
465 2471 474 2502 ,
487 2422 617 2487 iussum
635 2443 678 2503 se,
696 2419 753 2486 diu
772 2421 804 2485 in
823 2423 961 2488 vinculis
979 2435 1149 2504 retentum,
1162 2423 1261 2489 modo

262 2542 331 2594 turn
351 2550 419 2592 esse
435 2551 454 2594 a
473 2528 643 2614 Serapide,
668 2528 760 2612 eujus
763 2526 945 2612 jussustola
955 2541 986 2594 et
996 2530 1174 2596 diedemate
1187 2539 1271 2617 surdi

262 2638 381 2702 tacitus
402 2634 593 2703 consideret.
624 2634 763 2700 Diodoro
779 2645 827 2699 est
844 2634 909 2700 τῶν
929 2631 1091 2724 ἐγχωρίων
1102 2659 1167 2719 τις,
1181 2638 1239 2724 qui
1260 2661 1271 2702 r

261 2754 374 2830 sponte
390 2742 503 2807 solutis
515 2741 598 2808 olam
609 2740 793 2808 custodibus
806 2740 847 2807 ad
858 2739 1008 2807 thronum
1021 2743 1239 2829 pervenisset,
1257 2766 1271 2808 o

261 2849 439 2937 insignibus
455 2850 574 2936 potitus
590 2850 699 2937 quiete
714 2847 857 2930 sederet,
875 2860 1004 2935 rogatus
1022 2859 1129 2914 autem
1145 2850 1271 2915 abdier

262 2953 342 3019 nihil
360 2956 529 3043 perculso,
549 2957 622 3044 quis
643 2967 724 3021 esset
744 2954 890 3043 quidque
907 2954 1022 3036 vellet,
1040 2977 1171 3043 prorsus
1183 2979 1216 3023 se
1228 2957 1262 3023 id

263 3061 480 3149 responderet.

785 3178 867 3250 LVI.

308 3351 527 3422 Arriansvll.
547 3355 605 3422 26.
629 3354 669 3432 2,
693 3354 726 3420 3.
764 3348 928 3439 Λέγουσιν
953 3350 990 3419 αί
1017 3350 1216 3442 ἐφημερίδες
1243 3353 1271 3419 αλ

264 3458 358 3539 lewe,
388 3454 421 3523 ἐν
446 3457 496 3543 sni
518 3456 580 3525 τοῦ
606 3446 791 3546 Σερῦπαλος
812 3452 895 3543 ἱερῷ
914 3446 1075 3522 Πείθωνά
1094 3478 1131 3520 τε
1153 3454 1271 3543 ἐγκοιμν

264 3558 318 3626 καί
327 3550 496 3641 Ἄτταλον,
520 3559 575 3626 καί
590 3553 813 3648 Δημοφῶντα,
836 3555 891 3623 καλ
904 3556 1106 3640 Πευκέσταν,
1125 3552 1213 3647 στρῦς
1230 3558 1269 3625 δὲ

263 3660 359 3750 μένην
379 3684 432 3744 τε,
453 3686 508 3728 και
497 3660 689 3743 Μενίδαν,
717 3684 772 3726 και
760 3657 1002 3785 Σέλευκον,’
984 3662 1151 3751 εντερωτην
1171 3655 1228 3727 τῦν
1249 3666 1271 3726 θ

265 3765 350 3850 λῳον
370 3766 425 3831 καί
445 3756 575 3851 ῦίμεινον
589 3755 837 3851 Ἀλεξάνδρῳ
805 3775 854 3840 εις
866 3758 906 3832 τῦ
907 3759 1009 3883 ἱερὸν
1025 3788 1085 3831 του
1070 3764 1188 3831 θεοῦ
1201 3789 1271 3848 κομι

266 3867 320 3933 καί
346 3860 550 3936 ικετεῦσαντα
572 3858 828 3958 θεραπεῦεοθαι
848 3890 935 3957 προς
955 3868 1017 3934 τοῦ
1038 3868 1144 3935 θεοῦ·
1170 3893 1225 3933 και
1246 3891 1271 3955 γ

267 3995 379 4089 φημην
402 3965 473 4038 τινῦ
499 3970 534 4038 ἐκ
557 3972 618 4039 τοῦ
644 3970 746 4051 θεοῦ,
774 3996 819 4058 μη
809 3963 1042 4055 κομίζεσθαι
1069 3969 1117 4047 εἰς
1137 3963 1175 4037 τῦ
1197 3965 1270 4060 ised

267 4066 370 4141 αῦτοῦ
398 4072 524 4157 μένοντι
557 4066 740 4141 έσεσθαι’
725 4065 864 4158 α’μεινον.
906 4064 1016 4140 Ταῦτά
1042 4096 1080 4138 τε
1108 4072 1271 4160 ἐπαγγεῖλι

267 4175 431 4266 ἑταίρους,
464 4170 521 4245 καί
549 4170 758 4268 Ἀλέξανδρον
786 4169 827 4244 οῦ
853 4170 941 4243 πολῦ
966 4171 1103 4265 ὕστερον
1130 4170 1271 4244 ῦτιοθαν.

268 4280 365 4346 τοῦτο
395 4272 462 4369 don
482 4271 543 4370 ἢίλη
565 4274 602 4347 ὂν
614 4275 653 4349 τῦ
671 4275 809 4366 ῦμεινον.
833 4273 880 4349 Ori
892 4269 1008 4371 πόρζνω
1025 4279 1063 4348 δὲ
1077 4270 1201 4348 τοῦτον
1218 4272 1271 4347 οῦι

270 4380 471 4469 οτοβοῦλῳ
494 4376 570 4451 odes
590 4385 789 4471 Πτολεμαίῳ
812 4376 1086 4473 οίναγὲγροσιται.·

314 4491 361 4554 De
388 4490 449 4556 hoe
475 4479 644 4579 excerpto,
669 4491 757 4578 quod
777 4493 950 4557 Ptolemaei
969 4504 1017 4557 est
1037 4494 1163 4578 Fregin.
1188 4492 1271 4558 XXI'

272 4618 355 4683 queo
372 4598 520 4665 annoteri
540 4620 573 4684 p.
593 4601 634 4665 47
655 4619 704 4685 sq.
