3300 5600
829 620 889 682 158

296 818 407 879 trum,
425 803 457 864 in
476 799 624 885 Epistolis
641 796 761 859 solenni
784 795 838 857 illa
857 795 991 858 iornrulu
1010 796 1068 860 τοῦ
1082 793 1217 882 Χαίρειν
1231 794 1315 859 luerit
1327 797 1378 859 allo
1425 848 1447 863 ,.

294 920 428 974 cutus.»
465 904 666 974 Vocabulum
693 891 789 980 μόνον
812 921 875 963 non
897 900 1061 977 absolute,
1095 910 1129 964 ut
1153 898 1258 984 ajunt,
1280 902 1381 987 positun

294 1028 353 1083 est.
387 1011 489 1082 Solus
508 1010 647 1075 Phocion
664 1015 819 1092 perpetua
837 1004 1007 1069 Alexandri
1025 1005 1223 1072 observantia
1245 1005 1383 1094 gaudebat,

294 1118 393 1210 φίλος
417 1114 471 1179 καὶ
491 1102 661 1193 ἰδιόξενος,
691 1134 755 1199 qua
776 1111 944 1176 fruebatur
966 1133 983 1174 e
1005 1113 1214 1198 popularibus
1233 1115 1385 1200 Antipater,
1446 1190 1448 1195 Ι

295 1247 359 1313 qua
376 1222 504 1288 omnino
522 1221 615 1306 pauci
634 1219 854 1283 familiarium.
888 1216 983 1299 Quod
999 1217 1117 1283 diserte
1133 1219 1277 1286 declarat
1291 1220 1388 1285 Plutar-
1437 1218 1444 1241 ⁴

296 1331 376 1395 obus
396 1329 428 1390 in
449 1326 515 1404 bis,
540 1346 624 1412 quae
641 1336 791 1409 excerpto
808 1323 937 1388 Duridis
954 1325 1045 1389 nullo
1064 1326 1234 1392 intervallo
1243 1325 1389 1412 'praemisa

295 1419 387 1519 ’[δίςι,
411 1434 536 1518 inquit,
559 1422 615 1495 τον
635 1425 792 1494 Φωκίωνα
809 1417 1026 1514 ποιησάμενος
1041 1421 1141 1495 αὐτοῦ
1156 1427 1257 1518 φίλον
1269 1427 1321 1495 καί
1331 1427 1394 1509 §latr

297 1536 344 1613 εἰς
361 1526 519 1622 τοσαύτην
538 1529 637 1599 ἔθετο
659 1523 761 1617 τιμήν,
786 1522 865 1617 ὅσην
886 1522 970 1613 εἶχον
991 1522 1095 1618 ὀλίγον
1114 1532 1178 1597 τῶν
1191 1522 1245 1599 olel
1261 1522 1394 1599 συνόντων.
1445 1612 1449 1627 Ι

296 1643 420 1727 Quibus
450 1641 577 1706 monitis
610 1637 715 1702 statim
745 1634 860 1700 addit:
893 1625 1020 1721 ‘Oyoair
1038 1637 1160 1724 Δοῦρις
1179 1660 1208 1702 κ.
1228 1660 1258 1703 τ.
1278 1636 1306 1701 λ.
1334 1636 1394 1703 llibl
1446 1722 1449 1731 Ι

296 1762 403 1816 autem
433 1748 498 1812 huc
525 1746 658 1822 attinet,
690 1742 777 1830 quod
798 1741 838 1806 de
859 1741 1026 1828 Antipatro
1047 1763 1095 1806 res
1116 1763 1153 1807 ea
1176 1743 1336 1832 adequans}
1352 1755 1397 1809 trt-
1444 1791 1449 1823 2

296 1858 401 1934 ditur,
426 1865 463 1919 ut
481 1863 589 1916 monet
605 1849 688 1915 doct.
709 1870 735 1914 r.
753 1850 849 1915 Gent.
883 1849 1030 1933 Integrae
1046 1848 1218 1914 Alexandri
1235 1849 1276 1914 ad
1295 1849 1397 1937 Antips

297 1977 382 2028 trum
400 1959 559 2047 Epistolae
575 1977 752 2043 nusquam,
770 1966 928 2042 quantum
946 1954 1032 2034 ¹scio,
1053 1966 1192 2034 exstaut;
1211 1967 1331 2022 exstant
1347 1976 1399 2035 rere

297 2071 494 2155 fragmenta,
520 2086 603 2152 quae
622 2061 856 2127 evidentissime
875 2072 1034 2148 arguunt,
1058 2060 1294 2141 Alexandrum,
1314 2084 1399 2151 quau·

299 2177 343 2239 vis
359 2174 419 2239 sub
435 2172 530 2236 finem
549 2171 649 2248 ritae,
667 2191 769 2257 quum
785 2168 861 2232 mali
877 2169 990 2232 ominis
1006 2167 1107 2234 multa
1124 2169 1154 2232 ei
1169 2169 1400 2247 obversarentur,

298 2281 503 2367 Antipatrum
528 2289 559 2341 et
584 2276 795 2342 Cassandrum
821 2276 965 2361 aliosque
992 2287 1154 2361 suspectos
1178 2274 1330 2358 baberet,
1359 2296 1402 2340 noo

299 2387 428 2451 desiisse
451 2397 557 2450 tamen
582 2384 627 2448 ita
647 2382 705 2447 illo
727 2383 793 2461 uti,
818 2392 854 2446 ut
875 2403 985 2446 eorum
1006 2366 1089 2469 (puae
1110 2383 1247 2447 maxime
1267 2395 1354 2471 grata
1369 2380 1403 2445 rel

299 2492 457 2559 mirabilia
480 2491 540 2576 ipsi
571 2489 778 2567 accidissent,
810 2488 931 2552 laceret
952 2489 1046 2552 illum
1072 2490 1224 2554 continue
1246 2492 1403 2556 certiorem.

300 2602 406 2683 Quam
427 2618 501 2660 vero
522 2597 624 2683 tangit
644 2618 670 2660 ν,
689 2596 774 2662 Gent
790 2595 813 2660 l.
830 2595 853 2661 l.
872 2604 1017 2660 mutuam
1032 2595 1203 2660 Alexandri
1222 2608 1254 2661 et
1271 2592 1406 2683 Antipatri

300 2704 533 2792 suspicionem,
568 2724 605 2767 ca
629 2701 714 2767 baud
741 2702 807 2765 scio
837 2723 877 2765 an
904 2702 1052 2788 vulgatae
1078 2702 1210 2767 lectioni
1237 2718 1408 2792 magnopore

301 2815 423 2892 faveat,
449 2810 709 2900 quandoquidem
733 2812 803 2895 ipsa
828 2811 1026 2896 suspicione,
1051 2805 1246 2898 ne'regnum
1263 2812 1409 2899 Antipater

303 2920 484 2998 affectaret,
508 2919 619 2982 moniti
637 2916 808 2983 Alexandri
823 2917 924 3003 pluris
942 2917 1038 2981 etiam
1053 2916 1206 2983 intererat
1222 2939 1352 2998 carere,
1369 2935 1411 2992 na,

301 3025 379 3091 dum
409 3027 536 3111 ineptae
568 3025 738 3111 superbiae
768 3034 909 3088 veterem
941 3023 1173 3089 observantiam
1204 3032 1413 3112 postponeret,

301 3142 541 3219 praepotentem
561 3134 651 3218 regni
672 3132 852 3195 ministrum
876 3129 977 3217 magis
995 3132 1030 3194 iu
1053 3153 1086 3195 se
1109 3133 1286 3197 concitaret
1307 3144 1339 3197 et
1358 3149 1416 3196 exa·
1449 3171 1451 3216 !

303 3249 454 3324 speraret.
489 3238 601 3324 Neque
625 3239 793 3324 intelligo,
823 3236 905 3323 quid
923 3237 1121 3317 Alexander,
1146 3237 1286 3304 sietiam
1304 3240 1339 3303 in
1353 3235 1417 3324 Epi-
1449 3229 1451 3258 ²

302 3345 409 3423 stolis,
433 3344 562 3430 dempto
583 3345 630 3428 aqi
645 3341 788 3431 Χαίρειν,
812 3353 937 3408 tantum
956 3355 988 3408 et
1006 3346 1163 3410 comitatis
1180 3355 1213 3409 et
1228 3339 1419 3411 humanitatis

304 3450 469 3517 commode
487 3452 593 3538 potuit
611 3449 781 3529 simulare,
806 3461 843 3516 ut
865 3449 944 3514 nibil
965 3452 1152 3538 suspicionis
1171 3464 1322 3538 suspecto
1341 3450 1420 3518 Anti·

303 3569 397 3643 patro
413 3570 575 3638 moveret,
594 3557 737 3623 tollendo
757 3557 923 3644 vulgarem
939 3579 1066 3645 usuque
1083 3559 1191 3622 tritam
1208 3557 1422 3624 formulamiu

304 3661 365 3727 bac
382 3664 539 3729 comitatis
559 3676 591 3728 et
613 3664 818 3734 humanitatis
835 3664 1035 3729 simulatione
1056 3675 1240 3751 spectasset.
1272 3665 1422 3742 Tandem,

305 3781 342 3834 ut
361 3771 457 3835 etiam
475 3770 515 3833 de
533 3770 666 3835 Aeliano
685 3770 867 3850 rideamus,
891 3770 986 3855 hujus
1005 3773 1113 3837 nescio
1132 3794 1172 3837 an
1189 3772 1223 3835 in
1240 3770 1290 3837 bis
1309 3771 1374 3837 ulla
1391 3769 1425 3834 sit

305 3877 488 3942 auctoritas.
520 3877 670 3942 Aelianus
702 3878 805 3957 eninr,
839 3890 876 3943 ut
900 3880 1024 3964 saepius
1052 3877 1227 3944 Pluta'rclso
1247 3878 1338 3946 fonte
1360 3895 1425 3943 usos

306 3994 360 4048 est.
370 3993 401 4047 et
420 4003 497 4067 prae
515 3985 715 4049 festinatione
736 3985 873 4050 aliorum
894 4005 1024 4072 quoque
1044 3986 1236 4071 scriptorum
1260 3986 1358 4052 verba
1375 4003 1426 4048 ne·

194 4163 196 4168 Ι
306 4090 535 4176 gligentissime
553 4091 721 4178 descripsit
740 4090 782 4179 (ν.
799 4092 885 4158 Gent
902 4114 935 4178 p.
956 4090 1036 4171 ta),
1060 4093 1103 4157 ita
1119 4109 1337 4179 quaecunque
1353 4093 1380 4160 1.
1390 4091 1427 4155 25

305 4195 345 4259 de
363 4195 524 4262 Phocione
541 4199 691 4285 collegit,
710 4219 773 4263 non
785 4196 982 4284 deprompsit
993 4220 1010 4263 a
1022 4198 1142 4263 Doride
1156 4196 1198 4285 (ν.
1211 4198 1300 4263 Gent
1309 4222 1343 4286 p.
1357 4193 1428 4285 12),

305 4302 359 4367 sed
380 4325 397 4367 e
415 4303 588 4370 Plutarcho
607 4305 717 4390 petiit,
743 4326 840 4391 quem
859 4305 901 4372 cl.
923 4304 961 4373 V
959 4308 998 4370 it.
1017 4305 1117 4370 Plroc.
1136 4305 1263 4385 xvltt;
1289 4327 1351 4372 nec
1369 4326 1432 4369 ror·

305 4409 440 4476 botenus
460 4410 611 4498 quidem,
635 4409 689 4476 sed
712 4412 777 4491 rei,
802 4431 898 4497 quam
915 4412 1049 4499 agebat,
1073 4410 1325 4480 accommodate.
1349 4412 1433 4476 Solet

306 4517 389 4580 enim
417 4517 490 4598 ille,
515 4516 602 4604 quod
615 4539 689 4582 sane
698 4518 843 4603 plurimis
853 4519 1004 4603 exemplis
1015 4529 1117 4605 potest
1126 4517 1274 4603 probari,
1293 4539 1380 4606 quae
1397 4513 1433 4581 ad

307 4644 374 4687 rem
393 4645 482 4688 suam
499 4624 658 4710 pertinere
676 4623 796 4705 credit,
820 4645 880 4711 pro
898 4625 1004 4691 lubitu
1021 4639 1161 4710 mutare,
1180 4651 1263 4716 quae
1281 4651 1347 4695 non
1364 4651 1434 4718 per·
