3300 5600
856 553 896 616 42

310 730 410 793 sineru
431 739 534 793 castra
555 736 691 790 metatus
710 737 808 805 esset,
835 727 868 789 in
895 725 962 790 dies
987 737 1080 792 aucta
1105 726 1202 814 hujus
1229 729 1318 793 fluvii
1341 747 1440 794 crun-

265 878 267 883 -
310 833 395 901 datio
429 834 493 911 alio
531 852 617 896 eum·
639 832 813 918 confugere
850 833 965 918 coligit.
1005 833 1050 897 Ex
1086 832 1135 899 his
1166 836 1265 920 igitur
1295 836 1431 898 omnihus

309 940 492 1024 colligitur,
520 936 752 1016 Alexandrum,
780 958 876 1022 quom
907 928 1004 1022 ἔαρος
1026 929 1220 1025 ἀρχομένου,
1244 952 1281 1005 ut
1308 952 1429 1005 testatur

307 1044 524 1120 Aristobulus‚
547 1043 570 1108 i.
588 1065 616 1109 e.
638 1043 849 1128 probabiliter
868 1065 910 1109 m.
931 1041 1194 1128 Elaphebolione‚
1216 1048 1269 1110 cui
1288 1046 1426 1111 succede·

308 1153 365 1217 bat
383 1149 591 1236 Munychion,
619 1149 660 1213 ad
682 1150 792 1214 urbem
813 1149 921 1213 Taxila
941 1149 1081 1235 indeque
1103 1151 1255 1217 continuo
1275 1151 1314 1215 ad
1335 1151 1426 1239 dea-
1474 1228 1476 1235 Ι

309 1279 398 1342 spem
410 1267 442 1320 et
464 1256 536 1320 Pori
555 1255 720 1342 regionem
738 1257 869 1320 movisse
887 1266 1027 1334 constat,
1047 1255 1133 1321 hunc
1151 1257 1304 1322 Indorum
1320 1260 1426 1345 Regem
1471 1248 1476 1273 ¹

309 1363 385 1429 satis
403 1362 459 1427 diu
478 1372 550 1440 aule
569 1352 705 1447 θερινυὶς
726 1350 852 1447 ιροπδς
875 1361 997 1446 proelio
1019 1363 1150 1441 vicisse,
1170 1374 1206 1427 ut
1224 1385 1289 1435 non
1306 1362 1427 1433 dubium

308 1470 468 1556 sit,·.quiu
495 1468 648 1533 Arrianus
675 1486 748 1529 vere
774 1466 857 1531 illud
885 1468 1030 1532 retulerit
1057 1467 1096 1532 ad
1123 1492 1166 1535 m.
1195 1469 1429 1555 Munychionem

309 1576 385 1649 anni
402 1574 615 1671 Hegemonis,
636 1573 763 1636 circiter
782 1596 824 1640 m.
846 1575 962 1656 Majum
982 1599 1011 1641 a.
1029 1577 1107 1642 326.
1131 1576 1179 1642 cf.
1199 1577 1352 1662 Droysen.
1373 1577 1394 1644 l.
1411 1576 1429 1642 Ι.

309 1683 430 1769 p.=400
444 1702 501 1766 sq.
523 1679 735 1752 etMuetzell.
760 1679 799 1744 ad
824 1682 913 1747 Curt.
934 1704 966 1767 p.
991 1685 1052 1747 797
1074 1703 1143 1768 sq„
1165 1683 1217 1748 cui
1244 1694 1348 1748 tamon
1369 1683 1431 1748 Ari·

307 1788 425 1863 stabuli
439 1787 654 1871 fragmentum
673 1784 845 1870 explicanti
866 1809 929 1851 non
949 1789 1077 1852 omnino
1093 1788 1246 1853 assentior
1253 1811 1263 1869 ;
1284 1788 1430 1876 quodsno

306 1895 381 1971 loco
397 1890 570 1969 ostendam.
690 1940 692 1945 .

811 1982 932 2051 XVIII.

351 2134 477 2207 dri-ian.
502 2141 544 2210 V.
567 2140 622 2208 20.
647 2142 680 2206 2.
704 2128 815 2212 Asinda
834 2128 1075 2227 (Ἀλέξανδρος)
1094 2127 1227 2226 ἤλαυνεν
1245 2130 1292 2215 ῶς
1301 2131 1433 2213 dulcoris

306 2235 525 2335 προσχώρους
552 2244 595 2331 τῇ
619 2243 680 2312 τοῦ
708 2233 833 2328 Πῶρου
864 2233 949 2328 υίρχῇ
973 2233 1096 2315 Ἰνδούς.
1119 2233 1239 2326 ’Όνομα
1268 2243 1305 2308 δὲ
1333 2231 1372 2331 ἦν
1392 2239 1434 2326 τογ’

308 2343 399 2434 ἔθνει
428 2347 654 2433 Γλαυγανῖκαι,
685 2337 731 2420 ῶς
759 2341 845 2429 λέγει
873 2334 1141 2433 Ἀριστόβουλος·
1172 2337 1218 2420 ῶς
1238 2344 1276 2410 δὲ
1295 2345 1434 2412 Πτολε-

308 2453 442 2534 μαῖος,
465 2455 494 2517 Γ
492 2448 618 2521 λοῦσαι.
1244 2450 1249 2457 ’
1450 2454 1456 2468 ’

346 2557 402 2627 ,De
419 2555 624 2640 Glauganicis
636 2555 700 2617 sive
715 2552 860 2633 Glausis,
881 2552 1070 2617 validissima
1087 2552 1197 2617 Indiae
1212 2566 1326 2638 gente,
1346 2576 1436 2641 quom

308 2659 424 2737 deinde
453 2662 553 2725 Porus
581 2660 621 2724 ah
654 2658 834 2724 Alexandro
862 2660 986 2744 accepit
1015 2660 1191 2746 reguudam
1216 2661 1251 2747 (Ι.
1280 2662 1303 2728 l.
1331 2658 1395 2747 4.),
1414 2661 1438 2724 si

310 2770 459 2834 tacuisset
484 2766 654 2847 Arrianus,
681 2767 785 2832 omnia
805 2766 1035 2853 ignoraremus.
1071 2767 1178 2836 Verbo
1202 2765 1242 2831 de
1265 2767 1304 2832 iis
1334 2776 1440 2832 monet

251 2901 256 2911 ·
307 2874 448 2964 Dropseu
464 2897 497 2961 p.
516 2876 595 2942 405.
972 2864 992 2876 ⁶

829 2963 917 3030 XIX.

352 3123 476 3190 Arriam.
500 3124 540 3192 V.
565 3124 621 3191 20.
645 3125 681 3201 8,
705 3124 738 3189 9.
776 3119 844 3187 Τοῦ
863 3112 1033 3187 Ἀκεσίνου
1059 3116 1212 3204 ποταμοῦ
1239 3111 1278 3184 κδ
1297 3114 1445 3204 μέγεθος

307 3217 407 3307 μόνον
426 3226 491 3290 τῶν
509 3219 609 3293 Ἰνδῶν
620 3225 776 3308 ποταμῶν
795 3222 1049 3306 Πσολεμαῖο
1059 3247 1077 3301 ς
1098 3213 1115 3289 ὁ
1135 3212 1287 3307 Λάγου
1307 3214 1444 3311 σίνέγρα-

308 3328 389 3419 ψεντ
429 3320 508 3395 εἶναι
538 3322 621 3418 γδρ,
651 3327 704 3396 ἵνα
735 3324 894 3415 ἐπέρασεν
921 3319 1137 3415 Ἀλέξανδρος
1167 3316 1263 3390 adeda
1292 3323 1349 3391 ἐπί
1379 3326 1446 3392 σῶν

307 3432 431 3499 πλοίων
459 3455 495 3497 σε
521 3433 575 3499 καί
602 3432 666 3497 τῶν
694 3430 867 3521 διφθερῶν
886 3422 942 3509 ξδν
963 3432 1005 3518 τῇ
1025 3428 1177 3516 στρατιᾷ,
1199 3420 1237 3493 εδ
1256 3428 1314 3509 μὲν
1335 3427 1446 3515 ῥεῦμα

308 3528 366 3615 ὀξδ
383 3536 444 3601 τοῦ
463 3527 633 3602 ’Ἀκεσίνου
652 3534 789 3623 πέτραις
808 3524 964 3619 μεγάλαις
983 3531 1037 3597 καὶ
1058 3524 1195 3611 ὀξείαις,
1217 3523 1293 3597 καθ’
1314 3521 1360 3596 ῶν
1380 3554 1446 3621 pa·

308 3629 442 3727 ρόμενον
470 3638 530 3724 ’βίᾳ
557 3632 596 3705 ιδ
625 3631 714 3727 ὕδωρ
745 3634 961 3720 κυμαίνεσθαί
989 3658 1026 3700 τε
1054 3633 1112 3699 καί
1127 3626 1321 3717 καχλάζειν,
1339 3628 1381 3706 νδ
1406 3634 1447 3702 δὲ

306 3731 404 3831 εὖρος
423 3740 576 3818 σταδίους
595 3738 722 3825 ἐπέχειν
739 3738 976 3806 πεντεκαίδεκα.
997 3736 1063 3805 Καί
1082 3744 1151 3812 τοῖς
1169 3734 1227 3819 μὲν
1247 3730 1287 3826 δὴ
1307 3734 1448 3805 ἐπὶτῶν

308 3846 482 3934 διφθερῶν
510 3846 655 3934 περῶσιν
685 3841 810 3934 εὐμαρῆ
838 3842 992 3931 γενέσθαι
1015 3834 1070 3908 oda
1095 3832 1216 3930 πόρον·
1244 3834 1324 3931 τούς
1351 3841 1392 3909 δὲ
1411 3842 1448 3909 ἐν

306 3952 376 4023 τοῖς
393 3946 524 4023 πλοίοις
544 3939 789 4031 διαβάλλονσας,
820 3936 1052 4013 ἐποκειλάντων
1080 3944 1210 4011 πολλῶν
1239 3943 1365 4011 πλοίων
1386 3944 1446 4013 ἐπὶ

307 4054 379 4126 τοῖς
391 4049 592 4140 πένραιςκαὶ
610 4048 889 4141 ξυναραχθίνιων,
910 4040 969 4117 οὐκ
988 4040 1116 4134 ὀλίγους
1130 4044 1230 4114 αὐτοῦ
1243 4045 1275 4114 ἐν
1288 4047 1336 4133 τῷ
1345 4040 1447 4117 ὕδατι

308 4153 556 4243 διαφθαρῆναι..
1088 4225 1094 4245 J

309 4297 312 4304 ·
333 4260 400 4334 ,lte
419 4261 581 4341 Acesine,¹
597 4272 668 4348 post
687 4260 804 4327 Indum
827 4260 962 4325 maximo
988 4257 1098 4325 Indiae
1119 4258 1233 4337 fluvio,
1259 4257 1332 4322 vide
1355 4280 1445 4346 quae

281 4368 470 4433 ‘ennonvit
498 4387 528 4433 r.
550 4366 582 4434 d.
608 4367 708 4455 chys,
735 4368 919 4434 Commeat.
938 4388 1055 4455 geogr.
1085 4387 1117 4451 p.
1149 4368 1224 4432 103.
1267 4364 1445 4448 Quo-loco

277 4498 279 4501 ·
308 4472 487 4550 Alexander
514 4473 607 4538 illum
628 4475 810 4559 trajecerit,
834 4497 870 4541 ex
899 4474 961 4540 hoc
989 4472 1160 4560 Ptolomaei
1185 4471 1363 4558 fragmento
1391 4472 1444 4537 in·

309 4579 479 4665 vestigent-it,
494 4578 647 4665 Droysen.
669 4603 701 4667 p.
724 4583 797 4647 406.
