3300 5600
719 639 856 702 ’82

265 805 421 902 aurigare
441 811 481 879 «ll
499 806 559 879 tut
577 811 636 895 μὲν
655 808 714 876 τοῦ
736 798 916 896 εόωνδμου,
938 802 1021 878 κατὰ
1039 802 1078 876 νδ
1099 802 1207 890 δοξιδν
1229 809 1290 878 ταῦ

264 909 420 1008 ξόνδρου,
441 912 477 982 οἵ
494 936 532 981 τε
552 903 679 981 Σεύθαν
692 913 821 995 ίττπεῖς,
842 913 897 981 καί
915 913 981 980 τῶν
996 913 1203 1003 Βακτριανῶν
1217 911 1252 990 ἐς
1265 938 1299 1000 χε

263 1019 319 1089 καί
330 1013 462 1110 ἅρματα
476 1008 716 1108 δρεπανηφόρα
727 1005 850 1084 ἔνατόν.
871 1016 913 1086 Ol
926 1015 965 1083 δὲ
982 1011 1155 1106 ἐλέφαντες
1173 1011 1299 1107 ἐοιηυα

263 1117 321 1213 τήν
337 1119 514 1211 [Δαρείου]
536 1120 607 1209 ἴλην
630 1112 687 1208 τὴν
710 1113 890 1208 βασνλυοήν,
918 1119 973 1186 καί
997 1112 1128 1210 ἅρματα
1146 1117 1181 1195 ἐς
1200 1111 1299 1210 nenti

266 1226 336 1296 Τοῦ
355 1222 394 1292 δὲ
413 1223 524 1305 δεξιοῦ
543 1220 579 1290 οἵ
596 1245 634 1288 τε
654 1214 837 1313 Ἀρμενίων
849 1221 904 1290 tet
920 1222 1152 1292 Καππαδοκῶν
1173 1221 1290 1300 ἱππεῖς

262 1318 435 1413 τετόχατο,
458 1323 513 1393 καί
532 1317 664 1416 ἅρματα
688 1315 928 1416 δρεπανηφόρα
948 1315 1152 1415 πεντήκοντα.
1184 1325 1227 1395 Οἱ
1246 1325 1299 1394 δὲ’

263 1455 317 1508 νες
327 1430 359 1499 οἱ
378 1419 590 1520 μισθοφόροι
606 1420 700 1516 παρα
713 1419 855 1518 Δαρεῖόν
873 1451 911 1496 τε
928 1422 1025 1497 αὐτόν
1042 1427 1248 1520 ἑκατέρωθεν
1259 1455 1300 1496 κα

263 1529 333 1622 ἅμα
351 1526 443 1620 αὐτῷ
460 1530 613 1622 Πέρσας,
634 1522 716 1598 νατό
735 1529 793 1622 τήν
811 1522 966 1622 φάλαγγα
985 1524 1084 1622 αὐτην
1104 1533 1169 1600 τῶν
1191 1541 1299 1602 Mena

262 1633 310 1715 τός
328 1628 423 1724 μόνον
442 1628 483 1724 δὴ
504 1627 699 1724 οἶντίῤῥοποε
719 1635 763 1723 τῇ
781 1626 943 1725 φάλαγγι,
965 1624 1161 1726 ἐτάχθησαν.

306 1745 421 1811 Aciem
434 1741 522 1807 Darii
534 1739 789 1810 describitlliod.
800 1742 867 1810 Sic.
876 1743 981 1813 XVII.
994 1745 1051 1813 58.
1075 1744 1163 1826 Quae
1174 1754 1299 1830 antemi

261 1852 419 1918 Arrianus
436 1847 470 1915 h.
488 1849 512 1914 l.
533 1869 571 1912 ex
589 1845 776 1912 Arietehulc
796 1861 962 1930 recenset,
982 1849 1110 1915 easdem
1126 1851 1299 1915 lermeenu

196 1995 199 2001 ·
261 1957 361 2045 paule
386 1945 460 2020 ante
486 1976 516 2023 c.
540 1957 575 2023 8.
600 1958 724 2034 3-6,
752 1953 867 2022 additis
895 1955 997 2038 Ariie,
1027 1978 1108 2043 quoe
1138 1956 1219 2022 adeo
1250 1958 1299 2022 ex't

261 2065 444 2151 fragmento
462 2073 569 2127 nostre
589 2072 682 2148 putat
699 2063 881 2149 Dreyeenue
900 2063 923 2131 l.
939 2065 963 2131 l.
979 2086 1013 2150 p.
1026 2064 1106 2132 223.
1130 2064 1178 2128 De
1195 2064 1299 2151 singul

260 2169 439 2258 praecipua
468 2168 602 2255 collegit
630 2168 803 2256 diligenter
831 2190 861 2236 ν.
891 2168 925 2238 d.
952 2169 1035 2258 Chye
1063 2172 1096 2237 in
1120 2171 1250 2238 Ccmm.
1275 2193 1299 2260 g

258 2298 361 2364 quem
377 2276 471 2341 adeas
491 2297 525 2361 p.
546 2276 681 2362 58-eqq.
707 2296 709 2303 ·

308 2384 348 2448 In
372 2382 477 2447 verbis
509 2371 592 2444 κατα
617 2370 674 2465 τὴν
705 2377 876 2470 [Δαρείου]
908 2378 980 2468 ἴλην
1011 2371 1068 2469 τῆν
1095 2376 1299 2472 βασιλινὴυι

264 2485 408 2575 Δαρείου
437 2487 560 2573 primns
588 2485 728 2572 expungi
745 2484 842 2568 jussit
864 2485 1058 2554 Gronovius.
1075 2486 1188 2554 Recte.
1213 2489 1299 2555 Nec·

262 2592 360 2679 quia,
385 2591 419 2657 id
447 2590 536 2679 qued
563 2591 716 2676 putabat,
738 2589 900 2672 abundat,
923 2592 979 2657 eed
998 2593 1074 2679 quia
1093 2594 1284 2678 sententiam

261 2698 477 2777 salsissimam,
497 2717 600 2783 quum
619 2698 706 2761 Darii
725 2696 863 2777 dicatur,
885 2718 969 2783 quae
986 2699 1048 2763 fuit
1063 2697 1238 2764 Alexandri
1254 2701 1299 2780 βα

262 2802 326 2891 λ’λη.
349 2793 443 2871 Κατοῖ
465 2805 570 2883 enim,
598 2815 635 2869 nt
657 2804 739 2868 hene
759 2803 939 2870 Fllendtius
958 2805 1201 2887 animadvertit,
1222 2808 1256 2870 in
1273 2806 1299 2870 h:

262 2910 358 2975 circa
378 2910 554 2997 significat,
575 2909 631 2973 sed
650 2923 779 2990 centra,
797 2934 813 2973 ε
834 2912 982 2999 regione.
1008 2912 1051 2976 Ut
1072 2903 1154 2976 κατα
1168 2903 1207 2977 τό
1224 2909 1299 2990 δεξα

262 3001 482 3103 Ἀλεξάνδρου
504 3014 642 3103 Scythae
660 3017 786 3082 etahant
805 3019 992 3105 ceterique,
1012 3030 1049 3082 nt
1069 3007 1152 3081 κατὰ
1171 3006 1229 3102 τήν
1250 3003 1299 3103 φό

262 3114 328 3180 τῶν
338 3109 538 3188 Μωτεδόνων
554 3123 668 3188 Darius
687 3145 763 3189 cnm
777 3124 881 3189 Persis
893 3134 925 3188 et
937 3124 1135 3190 mercenario
1146 3121 1249 3185 milite
1260 3121 1299 3188 Gi

262 3220 308 3285 ita
338 3213 420 3286 κατα
447 3216 504 3312 τήν
533 3225 605 3315 λ’λην
633 3219 690 3294 τόν
722 3223 889 3318 βασιλινῇν
919 3229 1093 3297 Alexandri
1128 3227 1278 3293 collocati

259 3325 427 3412 elephanti
443 3340 474 3393 et
491 3352 617 3400 currus.

795 3526 866 3596 XV.

306 3711 489 3779 Athenaeus
505 3715 568 3780 XII
586 3737 619 3801 p.
641 3718 706 3782 ⁵13
727 3717 764 3785 F.
797 3716 968 3806 Κληδῆναι
987 3708 1029 3782 τό
1050 3707 1161 3783 Σοῦσα
1177 3734 1280 3804 φησιν
1297 3708 1299 3730 ³

254 3806 477 3898 οτόβουλος
495 3817 550 3883 καὶ
565 3810 681 3908 Χάρης
700 3812 757 3887 δια
775 3812 833 3909 τῆν
850 3810 1033 3908 υῖραιότητα
1050 3820 1112 3888 τοῦ
1125 3809 1232 3888 τόπου
1252 3840 1262 3858 ·
1283 3838 1299 3885 ο

259 3912 321 4008 γαρ
344 3910 425 3987 εἶναι
443 3920 486 4009 τῇ
503 3911 653 4011 Ἑλλήνων
672 3922 769 4013 φωνῇ
788 3917 829 3990 τό
848 3921 963 4012 κρίνον.

301 4024 444 4092 Charetis
463 4038 513 4092 est
531 4029 658 4115 Fragm.
679 4030 745 4109 vt,
764 4028 805 4095 ad
821 4028 909 4116 quod
926 4028 999 4094 ride
1015 4030 1124 4098 an'net.

786 4255 875 4325 xvl.

307 4444 433 4514 Arrian.
452 4446 513 4515 111.
529 4447 585 4515 26.
607 4450 637 4514 l.
661 4438 826 4511 ’enatae
843 4443 897 4511 καί
912 4438 969 4533 τῆν
985 4433 1117 4512 Φιλώτα
1132 4437 1299 4533 ἐπιβουλὴν

263 4547 510 4637 Παρμενίωνος,
532 4543 657 4633 ἔμαθεν
680 4537 915 4637 Ἀλέξανδρος,
940 4544 995 4613 καί
1015 4543 1102 4632 λίμει
1120 4546 1299 4632 Πτολεμαῖε

262 4641 594 4741 Ἀριστόβουλος,
620 4645 671 4722 ότι
696 4648 954 4741 πρυηγμελμλνην
977 4639 1041 4739 ἤδη
1061 4647 1167 4720 οἱκαὶ
1187 4641 1299 4755 ττρότευ
