3300 5600
803 561 864 621 166
918 619 922 626 .

269 704 438 832 reposcunt
466 765 484 809 a
510 736 646 802 librariis
665 735 814 797 omissum
833 742 903 816 post
919 730 1067 814 copulam
1084 726 1121 793 δὲ
1145 729 1306 793 numerale
1323 722 1416 800 dalaq

267 851 456 918 Plutarchus
481 846 579 913 Orat.
610 839 648 904 da
681 835 778 903 Alae.
806 839 832 903 l.
861 838 878 898 7
909 826 1020 899 ἓκαιδν
1044 834 1142 899 fuisse
1160 836 1275 914 relert3
1268 831 1373 897 ·sed
1364 854 1416 907 ι.

267 956 428 1025 rhetorem
444 955 522 1041 agit.

308 1052 408 1151 ἧιδὲ
433 1052 451 1124 ὁ
482 1047 576 1128 οἶκος.
597 1053 644 1117 De
663 1053 733 1116 loco
755 1049 912 1125 convivii,
933 1042 1029 1132 σκηνή
1047 1035 1250 1133 χρασαρόφῳ
1272 1044 1357 1109 dicto

266 1165 460 1240 Plutarcho,
477 1161 574 1227 conl.
601 1155 772 1244 Phylarchi
799 1156 1014 1239 fragmentum
1047 1171 1099 1234 ap.
1123 1149 1241 1217 Athen.
1269 1152 1292 1217 l
1317 1152 1337 1217 l.
1329 1172 1416 1247 ,ι

267 1280 332 1341 639
344 1274 396 1349 D,
417 1290 513 1363 quem
532 1267 616 1347 idem
633 1261 814 1328 aedificium
834 1261 988 1343 cogitasse
1009 1266 1096 1320 recte
1117 1255 1222 1320 effecit
1240 1257 1360 1343 Droyse
1375 1286 1416 1337 tr.

266 1405 299 1468 p
326 1381 401 1451 496,
428 1376 595 1451 Aelianus,
622 1369 731 1457 paucis
763 1366 910 1443 mutatis,
936 1362 1057 1427 omissis
1081 1362 1170 1440 aliis,
1190 1361 1407 1436 Athenaeum

265 1487 337 1551 satis
360 1504 466 1570 presse
485 1481 641 1566 sequitur.

307 1585 429 1674 ἐγένετο
451 1583 489 1650 δὲ
507 1607 550 1650 τα
538 1579 682 1648 dalnart
702 1569 788 1665 πρὸς
809 1567 979 1659 σάλπιγγα.
1005 1574 1175 1638 Aelianus:
1193 1571 1259 1638 Καὶ
1270 1569 1386 1658 εγέιετι

263 1717 304 1757 ια
295 1686 433 1758 δεῖπνα
446 1673 745 1774 maurataneae,
767 1680 853 1767 quod
870 1679 1062 1744 vocabulum
1076 1691 1226 1765 tanquam
1239 1681 1379 1766 elegantis

264 1795 502 1884 significationis
518 1793 619 1857 tuitus
632 1788 888 1865 estPeriaonius3
909 1785 1036 1849 sednon
1050 1785 1231 1871 persuadet.
1255 1787 1374 1851 Omnino

265 1917 326 1968 tana
354 1913 440 1968 certa
468 1909 541 1964 sunt
569 1899 603 1959 in
630 1892 762 1960 Aeliano
789 1893 974 1957 imitationis
1005 1889 1140 1969 indicia,
1160 1905 1196 1956 ut
1212 1891 1371 1956 inauditum

264 1997 456 2074 verhumh.
487 2006 508 2071 l.
537 1979 660 2067 admitti
684 2021 746 2063 non
772 2009 928 2083 oporteat.
952 1997 1065 2080 Quid?
1083 1997 1168 2084 quod
1188 1997 1371 2063 scribendum
1414 2050 1416 2093 ;

263 2116 373 2180 fuisset
399 2101 660 2198 coloratorum
694 2107 742 2170 Τιι
772 2127 846 2169 vero
875 2106 1008 2169 restitue
1036 2125 1071 2168 er
1096 2104 1290 2169 Athenaeo:
1305 2094 1372 2188 uolt
1412 2096 1416 2183 l

263 2209 432 2304 σάλπιγγα.
462 2216 609 2282 Ceterum
637 2233 655 2274 a
679 2209 853 2275 Plutarcho
877 2210 1043 2274 inducitur
1069 2210 1268 2288 Alexander,
1295 2197 1372 2277 αδιδς

262 2319 442 2410 anteportis
429 2317 538 2401 μένας,
561 2334 695 2403 πρωιος
715 2305 956 2395 maslinus
917 2336 974 2379 ror
988 2306 1149 2396 ὑμέναιον,
1172 2306 1286 2401 ὥσπερ
1296 2310 1371 2401 palo

261 2415 371 2512 ιήσιον
391 2412 521 2508 ἐπᾴδων
540 2417 648 2503 μέλος.
671 2421 740 2484 Alia
762 2419 802 2483 de
823 2419 885 2483 hoo
904 2419 985 2482 festu
1003 2418 1090 2504 legas
1105 2441 1161 2504 lap.
1182 2419 1307 2510 Arrian.
1323 2418 1341 2482 l.
1355 2415 1372 2479 l.

262 2534 280 2594 t
300 2549 384 2614 sqq.,
403 2528 465 2591 alia
481 2547 590 2591 rursus
609 2548 660 2611 ap.
682 2524 846 2590 Plutarch.
867 2523 905 2592 V
904 2528 945 2589 ιἰ.
960 2522 1056 2589 Alae.
1076 2525 1170 2602 Lxx,
1190 2546 1208 2588 e
1227 2526 1374 2611 quofonte

262 2634 399 2699 deducta
420 2644 493 2696 sunt
511 2652 594 2718 quae
616 2641 722 2695 narrat
742 2631 880 2695 Zonaras
899 2626 1029 2697 Αιαιαδ.
1050 2631 1105 2699 lv.
1127 2633 1180 2696 14.
1226 2656 1230 2663 ·

283 2778 285 2783 .
302 2734 549 2820 θαυματοποιοὶ
567 2735 614 2804 δέ.
631 2738 824 2803 Particulam
837 2734 874 2804 δὲ
883 2739 953 2821 jure
967 2738 1098 2802 retinuit
1109 2736 1376 2825 Schweighaeuse·

263 2867 334 2920 rus,
355 2864 551 2930 quamquam
568 2843 737 2928 ignoratur
753 2845 924 2922 ambobus,
943 2864 1023 2929 quos
1042 2845 1198 2923 contulit,
1218 2845 1306 2909 libris
1317 2863 1378 2907 mss.
1407 2855 1410 2864 '

260 2949 417 3027 Eandem,
446 2949 578 3033 opinor,
599 2948 668 3030 jam
700 2951 818 3035 reperit
842 2950 989 3013 omissam
1016 2949 1185 3031 Aelianus3
1206 2950 1294 3015 unde
1316 2970 1380 3035 prae

260 3055 456 3141 negligentia
472 3055 556 3116 mire
572 3054 690 3134 falsus,
709 3066 814 3141 spreta
824 3057 944 3138 majore
960 3053 1165 3119 distinetione
1177 3069 1248 3141 post
1259 3046 1382 3142 1Ινδιιιῆς,
1409 3113 1416 3138 Ι,

177 3202 181 3214 .
261 3184 324 3225 unc
346 3161 425 3247 legit
442 3169 571 3223 tenure:
593 3156 658 3223 Kal
679 3156 712 3224 ol
732 3151 801 3225 διεδ
821 3158 881 3248 τῆς
903 3152 1028 3247 Ἰνδικῆς
1048 3159 1297 3243 θαυματοποιοὶ
1313 3147 1384 3246 ἦσαν

259 3261 510 3351 διαπρέποντες,
539 3285 623 3351 quae
651 3264 843 3329 verbotenus
864 3266 931 3328 lere
954 3263 1111 3344 reddidit,
1132 3264 1252 3330 addens
1272 3266 1384 3353 quibus

260 3369 496 3434 commendaret
523 3370 661 3434 Iudicas
676 3371 749 3433 illos
768 3371 977 3435 circulatores
999 3391 1006 3433 :
1027 3367 1080 3434 καὶ
1103 3363 1217 3448 ἔδοξαν
1239 3367 1277 3435 δὲ
1298 3361 1385 3434 arisel

258 3475 385 3560 κρατεῖν
404 3476 466 3538 τῶν
488 3465 594 3539 ἄλλων
608 3464 872 3557 ιῶνδλλαχόθιν.
894 3474 993 3540 Iidem
1011 3469 1135 3553 ἔνδοξοι
1152 3463 1233 3561 παρ’
1247 3462 1385 3551 Ἀλεξάν-

259 3577 328 3663 δρῳ
357 3577 605 3658 θαυματοποιοὶ
629 3582 746 3643 iterum
766 3593 973 3646 recensentur
991 3604 1039 3667 ap.
1060 3579 1174 3644 Athen.
1193 3579 1207 3642 1
1224 3600 1257 3664 p.
1279 3581 1323 3643 20
1342 3579 1386 3654 A,

258 3703 276 3744 e
296 3703 361 3768 quo
378 3683 483 3747 hausit
499 3684 680 3750 Eustathius
696 3685 736 3749 ad
755 3684 870 3771 Odyss.
888 3690 921 3753 A
936 3709 967 3773 p.
993 3690 1091 3751 1503.

302 3787 582 3876 ψιλοκιθαρισταὶ.
615 3794 736 3856 Ηοιιιιιι
764 3796 1011 3879 Aristorrymus
1032 3805 1183 3878 tanquam
1202 3791 1386 3877 griphorum

245 3894 369 3969 ,artifex
393 3894 599 3979 peritissimus
622 3910 816 3962 memoratur
836 3899 876 3963 ab
894 3898 1140 3983 AthenaeoXp.
1155 3897 1217 3961 452
1232 3898 1274 3975 F,
1293 3918 1385 3984 quem

257 4020 331 4062 cum
350 3999 549 4086 Aristonyr'no
568 4004 738 4077 comoedo,
757 4004 975 4090 Aristophanis
987 4006 1130 4092 aequali,
1150 4002 1298 4068 confudit
1310 4006 1388 4069 Har-

257 4106 313 4171 les.
333 4103 373 4168 ad
392 4105 516 4171 Fabric.
533 4104 576 4173 B.
595 4106 636 4177 G.
658 4110 689 4173 ll
705 4133 738 4196 p.
749 4112 831 4188 288,
849 4123 885 4175 ut
897 4112 963 4195 jam
981 4110 1386 4177 animadvertitllleinehius

257 4210 348 4276 Hiar.
370 4214 451 4277 erit.
477 4233 559 4279 omn.
578 4212 694 4279 Graec.
713 4238 747 4301 p.
773 4219 849 4286 198.
968 4260 971 4265 -

299 4307 444 4403 αὐληταί.
474 4319 539 4400 Qui
560 4323 681 4405 primus
704 4325 885 4389 nominatur
908 4318 1120 4403 Timotheus,
1142 4344 1216 4387 aum
1239 4345 1303 4387 non
1323 4340 1387 4384 esse

255 4424 418 4489 celebrem
436 4425 529 4490 illum
550 4429 726 4508 Milesium,
754 4429 945 4494 Thersandri
967 4430 1085 4512 filium,
1103 4431 1312 4506 manifestum
1328 4437 1384 4492 est.
1410 4491 1413 4498 ,

253 4530 314 4594 llio
330 4530 430 4625 enim,
449 4533 612 4618 Euripidis
624 4534 690 4617 jam
712 4535 876 4622 aequalis,
895 4538 929 4600 in
950 4535 1133 4601 Macedonia
1151 4536 1231 4601 obiit
1244 4547 1386 4619 tempore

255 4636 393 4723 Philippi
415 4661 444 4705 ι.
465 4642 541 4706 357.
569 4640 643 4709 Vid.
665 4641 752 4705 Bode
771 4640 885 4707 Geaclr.
910 4642 942 4709 d.
970 4643 1056 4708 Hsll.
1078 4642 1222 4708 Distat.
1248 4643 1291 4708 11.
1314 4645 1333 4705 2
1354 4664 1383 4726 p.
1412 4657 1416 4663 ·
