3300 5600
819 414 876 482 IX.

317 610 451 677 mitian.
475 610 520 677 IL
546 609 602 676 12.
626 610 698 672 8-
707 610 740 674 6.
763 603 911 729 Δίγυυοί
936 626 1019 682 τινες
1047 606 1112 673 τών
1135 601 1178 676 τά
1198 599 1416 700 Ἀλεξάνδρου

258 705 483 804 γραψάντων,
512 711 573 802 τῆς
596 706 710 786 νυκτός
737 700 853 798 αὐτῆς,
880 701 902 798 6
922 700 998 777 6006
1025 709 1084 800 τῆς
1109 702 1313 832 διώξεως
1273 736 1330 803 της
1350 719 1418 783 Δα-

264 816 371 930 ρείου
394 815 558 904 ἐπανῆκεν,
582 813 616 890 ἐς
636 808 692 903 τήν
714 805 828 931 σκηνὴν
849 802 1061 903 παρελθόντα
1083 805 1179 881 αὐτόν
1191 809 1248 906 τῆν
1264 816 1418 906 Δαρείου,

264 910 348 1003 ἥτις
369 913 457 1004 αὐτῳ
445 915 658 1009 ἐξῃρημένη
678 905 724 1006 ἦν,
748 908 885 983 άκοῦσαι
905 916 1060 1002 γυναικῶν
1081 911 1232 1006 οἰμωγήν,
1254 944 1309 986 και
1298 912 1419 987 άλλσν

266 1024 427 1090 τοιοῦτον
448 1012 599 1110 θόρυβον
620 1012 660 1086 06
682 1010 799 1109 πόρῥω
821 1018 878 1138 663
900 1009 1022 1110 σκήιης.
1044 1011 1289 1088 Πυθὲσθαι
1249 1045 1358 1105 συν,α
1337 1022 1421 1090 αίτι

267 1145 327 1198 νες
356 1128 517 1213 γυναῖκες,
540 1122 594 1190 καί
616 1114 726 1240 6066
713 1116 790 1190 ότου
813 1115 917 1198 οὕτως
938 1116 1030 1213 ἐγγός
1050 1125 1325 1213 παρασκηνοῦσαι.
1351 1125 1419 1192 Καί

267 1246 363 1296 τινα
378 1221 623 1317 ἐξαγγεῖλαι,“
611 1219 676 1294 ότι·
709 1215 763 1342 «Ω
796 1220 1003 1310 βασιλεῦ,
981 1253 1002 1316 η
1028 1219 1132 1318 μήτηρ
1153 1250 1190 1293 τε
1216 1225 1316 1294 καὶ
1296 1254 1316 1316 η
1341 1220 1418 1316 γάνη

268 1331 420 1429 Δαρείου
442 1330 498 1398 καί
519 1354 553 1397 οι
542 1321 750 1412 “παῖδες,
724 1351 770 1405 ως
790 1327 970 1450 ἐξηγγέλθη
992 1322 1120 1414 αὐταῖς,
1143 1325 1195 1398 ότι
1213 1355 1252 1398 το
1244 1322 1366 1410 τόξον
1381 1354 1419 1397 τε

268 1435 337 1500 τοῦ
357 1425 549 1556 Δαρείου’
534 1428 620 1518 ε’χεις
640 1431 696 1499 καὶ
714 1426 771 1499 τόν
791 1424 906 1500 κάνδυν
926 1426 983 1500 τόν
1002 1427 1178 1559 βασιλικόν,
1199 1426 1294 1500 καί
1273 1461 1294 1524 η
1316 1425 1418 1510 άσπὶς

270 1524 328 1602 ὅτι
354 1529 543 1623 κεκόμισται
572 1529 682 1605 ὀπίσω
709 1531 730 1627 6
759 1536 917 1626 Δαρείου,
949 1527 995 1611 ώς
1020 1533 1078 1603 ἐπί
1103 1536 1262 1606 τεθνεώτι
1286 1536 1419 1657 Δαρείῳ

272 1624 523 1727 ἀνοιμώζουσιν.
530 1672 547 1707 υ
582 1639 693 1708 Ταῦτα
714 1630 894 1706 άκοάσαντα
925 1631 1150 1760 Ἀλέξανδρον,
1177 1639 1313 1732 πέμψαι
1333 1634 1420 1759 πρός

272 1733 379 1821 αὐτός
404 1735 598 1863 Λεοννάτρν,
621 1743 677 1810 ἕνα
697 1741 762 1808 τών
790 1740 936 1832 ἑταίρων,
960 1734 1176 1827 εντειλάμενον
1202 1747 1346 1834 φράσαι,
1368 1736 1419 1811 ότι

275 1834 324 1933 ζῇ
343 1851 503 1968 Δαρεῖος·
524 1871 572 1913 τα
556 1840 626 1913 δὲ
643 1838 731 1913 ὅπλα
751 1844 806 1910 καί
827 1839 882 1911 τόν
902 1837 1058 1912 κάνδυν”
1038 1870 1090 1913 οτι
1110 1841 1240 1935 φεύγων
1261 1838 1419 1913 άπὲλιπεν

273 1939 335 2014 ἐπὶ
358 1950 409 2071 τηί
439 1932 575 2041 άρμαίι,
605 1947 660 2014 καὶ
684 1946 788 2014 ταῦτα
809 1940 862 2016 ότι
889 1940 973 2034 μόνα
1001 1943 1069 2034 ἔχει
1095 1942 1322 2039 ’.Αλέξανδρος
1351 1947 1419 2016 Καί

269 2044 457 2121 Λεοννάτον
488 2042 751 2142 παρελθόντα
733 2073 767 2126 ες
799 2044 857 2142 τήν
889 2071 1010 2142 σκηνην,
1039 2043 1081 2119 τά
1105 2074 1142 2118 τε
1169 2050 1250 2142 περὶ
1276 2050 1418 2142 Δαρείου

274 2151 391 2239 εἰπεῖν,
422 2149 522 2223 καλ“
503 2180 554 2223 οτι
582 2146 639 2244 τήν
665 2153 852 2275 θεραπείαγ
876 2146 990 2232 αάταῒς
1020 2157 1183 2246 ξυγχωρεῖ
1201 2147 1418 2246 Αλέξανδρσς

267 2250 332 2346 ’ῖιγν
350 2251 518 2353 βασιλιιιγν
538 2257 593 2324 καὶ
613 2251 670 2325 τόν
687 2247 784 2324 άλλον
804 2248 934 2342 κόσμον,
957 2283 1011 2325 και
1001 2258 1200 2326 καλεῖσθαι
1213 2257 1417 2344 βασιλίσσας

271 2341 424 2428 'mel'
383 2386 422 2430 00
443 2354 525 2429 κατά
546 2356 671 2452 ἔχθραν
692 2382 725 2427 οι
715 2356 958 2447 ιγενέσθαι
920 2386 975 2429 τον
997 2354 1142 2446 πόλεμον
1162 2355 1249 2453 πρός
1269 2365 1416 2487 Δαρεῖον,

272 2452 347 2530 ἀλλ’
380 2457 467 2557 ὑπὲρ
498 2464 557 2555 τῆς
583 2457 685 2556 άρχῆς
706 2465 765 2554 τῆς
790 2457 910 2541 Ἀσίας
937 2463 1289 2555 διαπεπολεμῆσθαι
1270 2457 1416 2548 εννόμως.

276 2569 390 2636 Ταῦτα
410 2568 469 2654 μὲν
489 2557 696 2652 Πτολεμαῖος
716 2567 771 2634 καί
791 2561 1104 2659 Ἀριστόβουλος
1124 2569 1263 2657 λέγουσι

320 2676 415 2742 Hunc
434 2675 579 2741 locum'
566 2696 634 2758 Jam
664 2698 761 2761 supra
779 2677 943 2762 tetigimus
969 2674 1009 2741 ad
1029 2676 1204 2791 Ptolemaei
1229 2674 1355 2765 Fragm.
1376 2674 1417 2740 vl

823 2925 915 2991 X,.

317 3100 483 3167 Pluiamh.
509 3100 563 3169 V
546 3114 588 3167 ιε
608 3099 660 3165 Al
646 3100 707 3166 lm
723 3101 812 3169 xxi.
836 3092 1058 3188 Ἀλέξανδρος,
1074 3090 1120 3173 ὠς
1137 3093 1238 3181 6066,
1256 3098 1317 3219 606
1331 3097 1418 3185 νικᾷν

276 3197 350 3280 τούς
375 3202 557 3287 πολεμίους
584 3197 623 3269 τό
647 3209 777 3323 κρατεῖγ
802 3201 922 3270 ἑαυτοῦ
947 3192 1246 3321 βασιλικώτερον
1224 3192 1416 3325 νγγοόμενος,

276 3298 349 3373 οότε
369 3297 493 3373 τούτων
509 3300 633 3426 εθιγεν,
656 3298 715 3372 σι’ίτ
716 3297 887 3425 6066st
865 3328 944 3391 εγνω
965 3308 1096 3391 γυναῖκα
1118 3289 1186 3394 πρό
1205 3300 1319 3391 γάμου,
1335 3300 1418 3391 πλάγν
1452 3368 1459 3378 ,

273 3409 443 3501 Βαρσίνης.
472 3402 567 3498 Αάτιγ
596 3407 647 3491 δὲ,
676 3402 760 3494 μετά
781 3400 838 3499 τήν
859 3405 1032 3492 Μέμνονος
1051 3399 1201 3496 τελευτηυ
1221 3398 1307 3497 χήρα
1326 3428 1416 3494 γενο-

271 3513 364 3602 μένη,
387 3510 467 3602 περὶ
487 3508 661 3596 Δαμασκόν
683 3503 838 3637 ἐλήφθη.
849 3509 1100 3600 Πεπαιδευμένη
1122 3510 1160 3578 δὲ
1180 3508 1334 3577 παιδείαν
1353 3503 1416 3577 Ἐλ-

270 3610 404 3706 ληναιγν,
426 3614 480 3682 καί
500 3609 557 3682 τόν
571 3606 696 3704 τρόπω
714 3607 857 3704 ε’πιεινης
871 3603 969 3696 0600,
988 3613 1042 3680 καὶ
1057 3608 1186 3704 πατρός
1202 3603 1414 3702 Ἀρταβάζου,

268 3711 439 3807 γεγονότος
460 3716 494 3787 ἐκ
515 3717 678 3802 βασιλέως
698 3713 881 3808 θυγατρός,
902 3709 1065 3807 ἐγνώσθη,
1083 3714 1316 3806 Παρμενίωνος
1331 3737 1416 3806 προ·

268 3820 479 3913 τρεψαμένου
501 3816 557 3888 τόν
579 3809 797 3912 Ἀλέξανδρον,
821 3816 868 3898 ώς
890 3840 991 3913 φησιν
1011 3812 1342 3913 Ἀριστόβουλος,
1360 3842 1415 3886 κα-

265 3925 327 4014 λῆς
347 3924 403 3991 καί
422 3923 567 4012 γενναίας
595 3923 662 4005 [καὶ
682 3919 720 3992 τό
742 3916 872 4010 κάλλος]
894 3918 1053 4015 ἅψασθαι
1073 3916 1229 4013 γυναικός.

311 4033 395 4095 Ante
422 4032 582 4117 proelium
611 4032 733 4095 Issenss
759 4034 931 4097 Persarum
956 4032 1136 4119 principes,
1165 4042 1292 4120 praeter
1312 4050 1414 4117 pecu·

263 4139 335 4204 nias
359 4142 397 4201 ‘et
428 4149 567 4202 ceteram
589 4138 843 4225 supellectilem,
864 4160 979 4204 uxores
1008 4139 1193 4226 liberosque
1222 4139 1413 4204 Damascum

262 4245 419 4310 miserant
450 4242 586 4333 (Arrian.
620 4247 663 4314 11.
704 4248 757 4313 11.
788 4240 858 4331 9.),
893 4245 1010 4331 quihus
1040 4247 1187 4312 omnibus
1214 4243 1410 4324 Alexander,
