3300 5600
720 562 810 643 ,ιι

245 721 411 816 “tidenter
431 727 528 819 λέγει,
549 722 607 819 τήν
626 719 726 819 αὐτὴν
743 721 854 811 Ιιέιτέοιο
867 718 959 797 dtis·
981 721 1028 817 nic
1048 729 1087 798 dd
1106 731 1360 816 Πτολεμαῖος

179 923 181 932 Ι
244 819 427 921 έΛέγου,
448 823 546 921 didm
565 820 709 913 edesus,
730 821 777 907 ὥς
796 829 854 899 e’nt
874 830 1024 923 Μέμφιν.

278 936 573 1018 Ptolemaeum,
598 936 770 1003 Attianum
787 936 829 1002 de
847 958 936 1003 more
943 945 1109 1019 licentur,
1131 941 1252 1007 Auctor
1270 939 1356 1009 Itis.

179 1132 183 1139 Ι
244 1045 325 1112 Alsa.
344 1038 435 1114 HILJ
452 1044 535 1109 Sene
551 1044 596 1123 ai,
621 1042 709 1132 quod
725 1055 950 1132 praeterquam
965 1044 1101 1111 Arriano
1117 1048 1213 1113 etiarn
1230 1049 1356 1115 Plutar-

178 1222 186 1233 ,
243 1149 291 1217 ets
310 1148 403 1240 (Ver.
415 1147 515 1217 Atre.
535 1145 665 1236 XXVI.)
686 1149 810 1234 placet,
833 1148 993 1215 conditam
1011 1150 1234 1218 Alexandriam
1252 1154 1359 1221 eredi-

239 1276 297 1323 nme
315 1267 391 1323 ante
411 1256 474 1345 iter
489 1253 531 1320 ad
548 1254 765 1334 Ammonem,¹
778 1265 825 1318 eet
850 1254 945 1318 simul
970 1254 1055 1342 quod
1078 1257 1262 1340 credamus,
1284 1262 1359 1326 Ale-

237 1362 385 1429 xandrum
410 1361 594 1427 usurum
609 1358 665 1425 -ria
687 1359 848 1446 llemphin
867 1373 976 1447 petere
997 1362 1165 1444 maluisse,
1186 1386 1282 1451 quam
1301 1388 1359 1453 per

233 1479 272 1535 tnt
288 1469 398 1535 deviae
423 1468 574 1553 ambages
601 1466 698 1531 ierem
726 1467 833 1553 copias
855 1467 889 1531 in
914 1468 1095 1556 Aegyptum
1118 1469 1297 1538 reducere.-
1315 1474 1358 1539 At

232 1574 303 1642 haee
324 1596 391 1640 non
415 1574 461 1639 ita
484 1566 646 1659 explorata
674 1592 725 1636 res
749 1583 811 1651 est,
831 1584 867 1637 ut
887 1575 1028 1640 emnium
1053 1577 1243 1661 scriptorum
1264 1579 1358 1663 plau-

233 1670 409 1749 meust.
441 1677 522 1745 Nam
548 1677 705 1743 Diodorus
732 1678 1243 1759 xv11.52‚currius1v.8.1
1270 1706 1356 1772 sqq„

231 1774 453 1853 inunm‘xt.
486 1786 544 1866 ll,
574 1784 690 1871 quibua
716 1784 841 1849 aceedit
875 1787 941 1853 Jul.
968 1787 1113 1855 Valerius
1142 1788 1169 1855 1.
1201 1791 1241 1854 18
1264 1798 1356 1878 sqq„

228 1914 333 1959 omnen
360 1890 523 1957 conditam
550 1890 665 1955 urbem
689 1901 847 1956 testantur
871 1904 941 1978 poet
969 1894 1151 1958 consultum
1179 1896 1356 1965 oraculum.

227 1997 436 2065 «Alexander
466 1993 707 2086 (aitGurtius),
740 1997 782 2062 ab
819 1999 994 2063 Hammone
1018 1997 1161 2079 rediens,
1192 2003 1358 2090 ——elegit

224 2105 296 2172 urbi
317 2104 447 2182 locum,
468 2103 524 2179 ubi
546 2124 634 2168 nunc
660 2111 709 2166 est
726 2101 919 2169 Alexandria
937 2140 993 2183 -‚
1015 2115 1049 2169 et
1070 2107 1127 2191 qui
1149 2107 1356 2173 exaedifican-

225 2211 287 2278 dae·
306 2210 384 2276 urbi
405 2206 586 2295 praeissent
607 2210 746 2287 relictis,
766 2209 926 2294 Memphin
947 2211 1067 2295 petit.»
1100 2211 1203 2293 Quam
1222 2213 1311 2277 litem
1330 2216 1357 2278 ei

225 2319 280 2405 qui
299 2328 393 2383 reete
410 2325 627 2401 componunt,
648 2314 865 2380 Alexandrum
882 2315 929 2380 bix
947 2337 1021 2381 eum
1036 2317 1143 2382 lecum
1164 2316 1277 2382 adiisse
1293 2330 1357 2383 sta·

223 2434 370 2503 latenter,
391 2434 550 2509 utquum
571 2423 711 2507 primum
731 2422 885 2507 appulsus
912 2434 993 2487 esset
1015 2444 1113 2488 novae
1135 2424 1223 2488 urbis
1241 2423 1358 2507 jecerit

224 2527 450 2610 fundamenta,
471 2522 571 2616 quum
600 2528 717 2593 iterum
741 2530 894 2608 venisset,
924 2532 1083 2594 curaverit
1109 2540 1141 2594 et
1164 2529 1357 2596 ordinaverit

224 2636 393 2715 interierat
413 2634 509 2699 nesio
527 2633 659 2721 quidem
677 2633 843 2698 commode
854 2635 986 2698 solvitur
998 2634 1037 2699 de
1053 2635 1223 2700 Alexandri
1241 2638 1356 2702 itinere

226 2742 383 2831 quaestio.
414 2741 502 2806 Licet
525 2742 627 2828 igitur
657 2739 716 2805 liae
741 2740 773 2805 in
807 2761 841 2804 re
862 2741 1052 2819 Ptolemaei,
1076 2743 1212 2829 Aegypti
1238 2745 1353 2831 Regis,

225 2847 302 2914 fidet
321 2849 488 2936 aliquante
506 2848 607 2931 major
623 2847 723 2913 rideri
740 2848 856 2934 possit,
880 2849 912 2912 in
930 2845 1017 2913 tan‘ta
1036 2860 1140 2913 tamen
1165 2850 1355 2934 scriptorum

225 2954 386 3022 discordia
410 2953 491 3019 nihil
519 2953 696 3041 quidquam
724 2952 876 3017 dirimere
901 2967 1056 3040 praestat,
1085 2977 1180 3042 quarn
1209 2957 1241 3018 in
1267 2956 1355 3019 illius

225 3073 334 3151 partes¹
351 3072 427 3128 dum
436 3061 600 3148 llroyseno
620 3059 666 3148 (p.
686 3056 780 3146 214.)
801 3060 905 3140 abire,
927 3073 1036 3125 contra
1057 3082 1154 3147 quem
1176 3060 1217 3125 ad
1235 3061 1355 3127 Aristo·

225 3169 293 3236 buli
321 3166 590 3234 tidemtuendam
610 3170 706 3233 etiam
732 3168 796 3233 Jul.
827 3168 946 3235 Valerii
972 3168 1152 3233 testimonie
1178 3180 1303 3248 uterer,
1330 3168 1357 3232 si

226 3295 290 3364 qna
310 3282 393 3339 esset
412 3272 489 3340 huie
513 3275 661 3361 scriptori
679 3275 713 3338 in
734 3294 769 3338 re
787 3271 886 3338 dubia
906 3276 1078 3339 auctoritas
1100 3295 1108 3337 :
1130 3295 1202 3339 nam
1223 3297 1281 3361 per
1296 3276 1356 3339 Pe·

226 3381 406 3447 maenium
426 3379 666 3461 Alexandriam,
687 3380 762 3446 hinc
787 3379 947 3467 Memphin
967 3382 1029 3446 iter
1054 3392 1238 3467 susceptum
1260 3381 1357 3446 luisse

224 3485 344 3554 diserte
359 3484 514 3554 declarat.

760 3668 819 3733 lx.

268 3841 396 3910 Arrian.
429 3840 486 3910 VI.
520 3842 573 3908 11.
604 3844 719 3909 4-6.
754 3830 818 3927 Τὴν
843 3834 1030 3905 τελευταίαν
1055 3830 1160 3928 μάχην
1186 3834 1244 3927 τήν
1269 3832 1357 3924 τυρός

223 3948 366 4035 Δαρεῖον
391 3942 574 4033 γενομένην,
599 3936 676 4011 καθ’
700 3938 808 4034 ἧυτιυα
831 3938 933 4034 ἔφυγε
953 3948 1109 4032 Δαρεῖος,
1122 3982 1162 3997 -
1176 3939 1262 4035 πρὸς
1282 3937 1356 4032 'Ap-

222 4038 340 4139 βήλοις
364 4045 517 4134 γενέσθαι
539 4039 558 4114 ὁ
580 4048 647 4123 nde
666 4041 764 4135 λόγος
785 4046 922 4131 κατέχει.
937 4039 1133 4136 -”Αρβηλα
1154 4046 1191 4114 δέ
1210 4048 1269 4113 τοῦ
1290 4037 1356 4132 χῶ-

223 4174 303 4242 ρου,
331 4174 364 4218 τι
390 4175 417 4237 ιγ
444 4175 501 4241 την
526 4170 661 4238 εσχατηυ
691 4141 797 4239 μάχην
827 4140 968 4239 Δαρεῖός
995 4148 1111 4215 τεκαὶ
1140 4140 1356 4236 Ἀλέξανδρος

222 4250 440 4339 ἐμαχέσαντο,
468 4252 501 4322 ολ
528 4252 587 4338 μέν
613 4246 819 4320 τὰπλεῖστα
845 4242 1089 4343 ξυγγράψαντες
1118 4250 1273 4339 λέγουσιν,
1304 4245 1356 4320 ὅτι

221 4352 415 4436 λξωιοοέους
443 4355 597 4434 σταδίους
624 4347 754 4440 ἀπέχει·
783 4355 816 4423 st
844 4354 880 4423 δέ
901 4349 943 4421 τοὶ
964 4346 1129 4440 ἐλάχιστα,
1153 4350 1205 4422 ὅτι
1225 4353 1258 4430 ἐς
1279 4378 1355 4422 πευ-

221 4458 407 4536 caestus.
428 4450 533 4530 Ἀλέα
553 4457 587 4528 έν
601 4450 825 4549 Γαυγαμήλοις
841 4452 902 4549 γαρ
921 4456 1074 4546 γενέσθαι
1086 4451 1144 4548 τήν
1152 4449 1256 4548 μάχην
1269 4452 1356 4548 πρός

222 4560 276 4648 τῷ
295 4562 438 4648 ποταμῷ
458 4553 644 4648 nespilae,
666 4561 752 4650 λέγει
773 4562 1043 4646 Πτολεμαῖος
1065 4560 1119 4628 καὶ
1140 4551 1356 4649 Ἀριστόβου-
