<?xml version="1.0" encoding="UTF-8"?>
<!DOCTYPE html PUBLIC "-//W3C//DTD XHTML 1.0 Transitional//EN"
    "http://www.w3.org/TR/xhtml1/DTD/xhtml1-transitional.dtd">
<html xmlns="http://www.w3.org/1999/xhtml" xml:lang="en" lang="en">
 <head>
  <title>
</title>
<meta http-equiv="Content-Type" content="text/html;charset=utf-8" />
  <meta name='ocr-system' content='tesseract 3.04.00' />
  <meta name='ocr-capabilities' content='ocr_page ocr_carea ocr_par ocr_line ocrx_word'/>
</head>
<body>
  <div class='ocr_page' id='page_1' title='image "./ptolemaeieordae00ptolgoog/ptolemaeieordae00ptolgoog_0142.png"; bbox 0 0 3300 5600; ppageno 0'>
   <div class='ocr_carea' id='block_1_1' title="bbox 804 593 866 654">
    <p class='ocr_par' dir='ltr' id='par_1_1' title="bbox 804 593 866 654">
     <span class='ocr_line' id='line_1_1' title="bbox 804 593 866 654; baseline 0.032 -2"><span class='ocrx_word' id='word_1_1' title='bbox 804 593 866 654; x_wconf 87' lang='lat'><strong>118</strong></span> 
     </span>
    </p>
   </div>
   <div class='ocr_carea' id='block_1_2' title="bbox 256 764 1276 962">
    <p class='ocr_par' dir='ltr' id='par_1_2' title="bbox 256 764 1276 962">
     <span class='ocr_line' id='line_1_2' title="bbox 258 764 1276 854; baseline -0.013 -16"><span class='ocrx_word' id='word_1_2' title='bbox 258 769 433 843; x_wconf 81' lang='lat' dir='ltr'><strong>ridiculum</strong></span> <span class='ocrx_word' id='word_1_3' title='bbox 455 769 497 838; x_wconf 87' lang='lat' dir='ltr'><strong>sit</strong></span> <span class='ocrx_word' id='word_1_4' title='bbox 512 789 551 834; x_wconf 81' lang='lat' dir='ltr'><strong>ex</strong></span> <span class='ocrx_word' id='word_1_5' title='bbox 570 787 626 854; x_wconf 87' lang='lat' dir='ltr'><strong>eo,</strong></span> <span class='ocrx_word' id='word_1_6' title='bbox 651 764 740 853; x_wconf 85' lang='lat' dir='ltr'><strong>quod</strong></span> <span class='ocrx_word' id='word_1_7' title='bbox 757 765 894 835; x_wconf 79' lang='lat' dir='ltr'><strong>cadaver</strong></span> <span class='ocrx_word' id='word_1_8' title='bbox 912 768 1076 835; x_wconf 88' lang='lat' dir='ltr'><strong>sublatum</strong></span> <span class='ocrx_word' id='word_1_9' title='bbox 1096 786 1161 831; x_wconf 90' lang='lat' dir='ltr'><strong>non</strong></span> <span class='ocrx_word' id='word_1_10' title='bbox 1179 772 1276 842; x_wconf 91' lang='lat' dir='ltr'><strong>esset,</strong></span> 
     </span>
     <span class='ocr_line' id='line_1_3' title="bbox 256 867 1276 962; baseline -0.011 -17"><span class='ocrx_word' id='word_1_11' title='bbox 256 875 413 956; x_wconf 80' lang='lat' dir='ltr'><strong>meritati,</strong></span> <span class='ocrx_word' id='word_1_12' title='bbox 429 874 554 943; x_wconf 73' lang='lat' dir='ltr'><strong>uenus</strong></span> <span class='ocrx_word' id='word_1_13' title='bbox 577 895 677 940; x_wconf 91' lang='lat' dir='ltr'><strong>nona</strong></span> <span class='ocrx_word' id='word_1_14' title='bbox 700 884 825 960; x_wconf 83' lang='lat' dir='ltr'><strong>satrapa</strong></span> <span class='ocrx_word' id='word_1_15' title='bbox 842 886 1060 962; x_wconf 82' lang='lat' dir='ltr'><strong>perpetratum</strong></span> <span class='ocrx_word' id='word_1_16' title='bbox 1080 895 1166 954; x_wconf 89' lang='lat' dir='ltr'><strong>esse,</strong></span> <span class='ocrx_word' id='word_1_17' title='bbox 1189 867 1276 944; x_wconf 70' lang='lat' dir='ltr'><strong>aed.</strong></span> 
     </span>
    </p>
   </div>
   <div class='ocr_carea' id='block_1_3' title="bbox 190 980 1276 4609">
    <p class='ocr_par' dir='ltr' id='par_1_3' title="bbox 190 980 1276 2444">
     <span class='ocr_line' id='line_1_4' title="bbox 256 980 1276 1076; baseline 0.005 -27"><span class='ocrx_word' id='word_1_18' title='bbox 256 983 414 1062; x_wconf 86' lang='lat' dir='ltr'><strong>denibus,</strong></span> <span class='ocrx_word' id='word_1_19' title='bbox 446 980 703 1068; x_wconf 78' lang='lat' dir='ltr'><strong>relinquentibus</strong></span> <span class='ocrx_word' id='word_1_20' title='bbox 733 1003 818 1069; x_wconf 90' lang='lat' dir='ltr'><strong>quae</strong></span> <span class='ocrx_word' id='word_1_21' title='bbox 852 1003 917 1049; x_wconf 90' lang='lat' dir='ltr'><strong>non</strong></span> <span class='ocrx_word' id='word_1_22' title='bbox 943 984 1040 1049; x_wconf 87' lang='lat' dir='ltr'><strong>facile</strong></span> <span class='ocrx_word' id='word_1_23' title='bbox 1069 999 1201 1071; x_wconf 88' lang='lat' dir='ltr'><strong>possent</strong></span> <span class='ocrx_word' id='word_1_24' title='bbox 1229 1011 1276 1076; x_wconf 80' lang='lat' dir='ltr'><strong>asp</strong></span> 
     </span>
     <span class='ocr_line' id='line_1_5' title="bbox 256 1079 1276 1171; baseline 0.007 -18"><span class='ocrx_word' id='word_1_25' title='bbox 256 1090 361 1162; x_wconf 85' lang='lat' dir='ltr'><strong>Ileote</strong></span> <span class='ocrx_word' id='word_1_26' title='bbox 383 1108 460 1152; x_wconf 79' lang='lat' dir='ltr'><strong>sero</strong></span> <span class='ocrx_word' id='word_1_27' title='bbox 475 1079 699 1152; x_wconf 82' lang='lat' dir='ltr'><strong>animadvertit</strong></span> <span class='ocrx_word' id='word_1_28' title='bbox 716 1087 822 1168; x_wconf 85' lang='lat' dir='ltr'><strong>idem,</strong></span> <span class='ocrx_word' id='word_1_29' title='bbox 848 1090 875 1152; x_wconf 92' lang='lat' dir='ltr'><strong>si</strong></span> <span class='ocrx_word' id='word_1_30' title='bbox 900 1090 981 1154; x_wconf 91' lang='lat' dir='ltr'><strong>nihil</strong></span> <span class='ocrx_word' id='word_1_31' title='bbox 1003 1088 1101 1171; x_wconf 83' lang='lat' dir='ltr'><strong>desit,</strong></span> <span class='ocrx_word' id='word_1_32' title='bbox 1122 1093 1220 1159; x_wconf 83' lang='lat' dir='ltr'><strong>nimis</strong></span> <span class='ocrx_word' id='word_1_33' title='bbox 1234 1098 1276 1160; x_wconf 86' lang='lat' dir='ltr'><strong>les</strong></span> 
     </span>
     <span class='ocr_line' id='line_1_6' title="bbox 256 1184 1276 1287; baseline 0.001 -24"><span class='ocrx_word' id='word_1_34' title='bbox 256 1196 463 1273; x_wconf 78' lang='lat' dir='ltr'><strong>Strabonem,</strong></span> <span class='ocrx_word' id='word_1_35' title='bbox 479 1202 585 1280; x_wconf 73' lang='lat' dir='ltr'><strong>&#39;quum</strong></span> <span class='ocrx_word' id='word_1_36' title='bbox 603 1194 759 1260; x_wconf 75' lang='lat' dir='ltr'><strong>scriberet</strong></span> <span class='ocrx_word' id='word_1_37' title='bbox 780 1184 836 1259; x_wconf 72' lang='lat' dir='ltr'><strong>otei</strong></span> <span class='ocrx_word' id='word_1_38' title='bbox 857 1187 957 1282; x_wconf 74' lang='grc' dir='ltr'><strong><em>μηνός</em></strong></span> <span class='ocrx_word' id='word_1_39' title='bbox 979 1186 1133 1276; x_wconf 77' lang='grc' dir='ltr'><strong><em>δ’ἵπσον,</em></strong></span> <span class='ocrx_word' id='word_1_40' title='bbox 1159 1203 1276 1287; x_wconf 71' lang='lat' dir='ltr'><strong>quasis</strong></span> 
     </span>
     <span class='ocr_line' id='line_1_7' title="bbox 257 1300 1274 1388; baseline 0.004 -20"><span class='ocrx_word' id='word_1_41' title='bbox 257 1302 408 1373; x_wconf 87' lang='lat' dir='ltr'><strong>carnibus</strong></span> <span class='ocrx_word' id='word_1_42' title='bbox 424 1302 510 1371; x_wconf 73' lang='lat' dir='ltr'><strong>vesei</strong></span> <span class='ocrx_word' id='word_1_43' title='bbox 528 1302 668 1367; x_wconf 83' lang='lat' dir='ltr'><strong>&#39;solerent</strong></span> <span class='ocrx_word' id='word_1_44' title='bbox 682 1302 778 1388; x_wconf 81' lang='lat' dir='ltr'><strong>Magi.</strong></span> <span class='ocrx_word' id='word_1_45' title='bbox 802 1301 924 1387; x_wconf 85' lang='lat' dir='ltr'><strong>Utique</strong></span> <span class='ocrx_word' id='word_1_46' title='bbox 942 1302 1027 1364; x_wconf 88' lang='lat' dir='ltr'><strong>enim</strong></span> <span class='ocrx_word' id='word_1_47' title='bbox 1045 1300 1194 1370; x_wconf 82' lang='lat' dir='ltr'><strong>Straboni</strong></span> <span class='ocrx_word' id='word_1_48' title='bbox 1214 1307 1274 1374; x_wconf 86' lang='lat' dir='ltr'><strong>add</strong></span> 
     </span>
     <span class='ocr_line' id='line_1_8' title="bbox 258 1402 1276 1501; baseline 0.001 -26"><span class='ocrx_word' id='word_1_49' title='bbox 258 1420 344 1488; x_wconf 86' lang='lat' dir='ltr'><strong>erat,</strong></span> <span class='ocrx_word' id='word_1_50' title='bbox 367 1417 406 1473; x_wconf 90' lang='lat' dir='ltr'><strong>ut</strong></span> <span class='ocrx_word' id='word_1_51' title='bbox 432 1418 480 1472; x_wconf 90' lang='lat' dir='ltr'><strong>est</strong></span> <span class='ocrx_word' id='word_1_52' title='bbox 506 1407 594 1494; x_wconf 89' lang='lat' dir='ltr'><strong>apud</strong></span> <span class='ocrx_word' id='word_1_53' title='bbox 621 1408 812 1486; x_wconf 79' lang='lat' dir='ltr'><strong>Aenianum,</strong></span> <span class='ocrx_word' id='word_1_54' title='bbox 846 1402 880 1480; x_wconf 78' lang='grc' dir='ltr'><strong>ἐς</strong></span> <span class='ocrx_word' id='word_1_55' title='bbox 900 1403 1022 1471; x_wconf 76' lang='grc' dir='ltr'><strong><em>θυσίαν</em></strong></span> <span class='ocrx_word' id='word_1_56' title='bbox 1050 1408 1099 1492; x_wconf 77' lang='grc' dir='ltr'><strong>τῷ</strong></span> <span class='ocrx_word' id='word_1_57' title='bbox 1121 1402 1236 1501; x_wconf 79' lang='grc' dir='ltr'><strong><em>Κύρῳ.</em></strong></span> <span class='ocrx_word' id='word_1_58' title='bbox 1275 1418 1276 1424; x_wconf 78' lang='grc'>’</span> 
     </span>
     <span class='ocr_line' id='line_1_9' title="bbox 256 1513 1276 1607; baseline 0.004 -25"><span class='ocrx_word' id='word_1_59' title='bbox 256 1515 368 1603; x_wconf 82' lang='lat' dir='ltr'><strong>aliqua</strong></span> <span class='ocrx_word' id='word_1_60' title='bbox 385 1513 539 1581; x_wconf 80' lang='lat' dir='ltr'><strong>excidisse</strong></span> <span class='ocrx_word' id='word_1_61' title='bbox 559 1515 726 1601; x_wconf 81' lang='lat' dir='ltr'><strong>sequentia</strong></span> <span class='ocrx_word' id='word_1_62' title='bbox 744 1514 839 1578; x_wconf 88' lang='lat' dir='ltr'><strong>etiam</strong></span> <span class='ocrx_word' id='word_1_63' title='bbox 860 1515 1095 1600; x_wconf 86' lang='lat' dir='ltr'><strong>comprobant:</strong></span> <span class='ocrx_word' id='word_1_64' title='bbox 1120 1540 1194 1582; x_wconf 91' lang='lat' dir='ltr'><strong>nam</strong></span> <span class='ocrx_word' id='word_1_65' title='bbox 1213 1542 1276 1607; x_wconf 90' lang='lat' dir='ltr'><strong>qua</strong></span> 
     </span>
     <span class='ocr_line' id='line_1_10' title="bbox 258 1607 1276 1713; baseline 0.005 -28"><span class='ocrx_word' id='word_1_66' title='bbox 258 1621 440 1710; x_wconf 78' lang='lat' dir='ltr'><strong>leguntur:</strong></span> <span class='ocrx_word' id='word_1_67' title='bbox 464 1608 549 1687; x_wconf 72' lang='grc' dir='ltr'><strong>Ἀλλ’</strong></span> <span class='ocrx_word' id='word_1_68' title='bbox 566 1608 586 1684; x_wconf 82' lang='grc' dir='ltr'>ὁ</span> <span class='ocrx_word' id='word_1_69' title='bbox 603 1609 799 1700; x_wconf 79' lang='grc' dir='ltr'><strong><em>ἐνσσπισμός</em></strong></span> <span class='ocrx_word' id='word_1_70' title='bbox 810 1656 852 1669; x_wconf 88' lang='lat'><strong>—-</strong></span> <span class='ocrx_word' id='word_1_71' title='bbox 863 1607 1020 1707; x_wconf 76' lang='grc' dir='ltr'><em>ὑπῆρξεν,</em></span> <span class='ocrx_word' id='word_1_72' title='bbox 1044 1623 1082 1687; x_wconf 91' lang='lat' dir='ltr'><strong>iis</strong></span> <span class='ocrx_word' id='word_1_73' title='bbox 1099 1623 1179 1710; x_wconf 89' lang='lat' dir='ltr'><strong>qnid</strong></span> <span class='ocrx_word' id='word_1_74' title='bbox 1199 1629 1276 1713; x_wconf 85' lang='lat' dir='ltr'><strong>signi</strong></span> 
     </span>
     <span class='ocr_line' id='line_1_11' title="bbox 257 1724 1276 1812; baseline 0.005 -20"><span class='ocrx_word' id='word_1_75' title='bbox 257 1748 353 1798; x_wconf 87' lang='lat' dir='ltr'><strong>nemo</strong></span> <span class='ocrx_word' id='word_1_76' title='bbox 373 1727 470 1793; x_wconf 87' lang='lat' dir='ltr'><strong>facile</strong></span> <span class='ocrx_word' id='word_1_77' title='bbox 487 1724 697 1812; x_wconf 83' lang='lat' dir='ltr'><strong>perspexerit.</strong></span> <span class='ocrx_word' id='word_1_78' title='bbox 721 1724 841 1789; x_wconf 84' lang='lat' dir='ltr'><strong>Saltem</strong></span> <span class='ocrx_word' id='word_1_79' title='bbox 860 1724 901 1791; x_wconf 91' lang='lat' dir='ltr'><strong>ad</strong></span> <span class='ocrx_word' id='word_1_80' title='bbox 918 1727 1083 1812; x_wconf 79' lang='lat' dir='ltr'><strong>Magorum</strong></span> <span class='ocrx_word' id='word_1_81' title='bbox 1094 1725 1213 1812; x_wconf 83' lang='grc' dir='ltr'><strong><em>σίτισιν</em></strong></span> <span class='ocrx_word' id='word_1_82' title='bbox 1232 1755 1276 1796; x_wconf 84' lang='lat' dir='ltr'><strong>ne</strong></span> 
     </span>
     <span class='ocr_line' id='line_1_12' title="bbox 258 1831 1276 1916; baseline -0.001 -15"><span class='ocrx_word' id='word_1_83' title='bbox 258 1833 391 1912; x_wconf 81' lang='lat' dir='ltr'><strong>referri3</strong></span> <span class='ocrx_word' id='word_1_84' title='bbox 416 1853 478 1897; x_wconf 90' lang='lat' dir='ltr'><strong>nec</strong></span> <span class='ocrx_word' id='word_1_85' title='bbox 506 1831 635 1896; x_wconf 86' lang='lat' dir='ltr'><strong>violatio</strong></span> <span class='ocrx_word' id='word_1_86' title='bbox 663 1831 804 1916; x_wconf 82' lang='lat' dir='ltr'><strong>sepulcri</strong></span> <span class='ocrx_word' id='word_1_87' title='bbox 835 1853 942 1897; x_wconf 88' lang='lat' dir='ltr'><strong>rerum</strong></span> <span class='ocrx_word' id='word_1_88' title='bbox 964 1834 1126 1900; x_wconf 82' lang='lat' dir='ltr'><strong>innovatio</strong></span> <span class='ocrx_word' id='word_1_89' title='bbox 1156 1836 1276 1903; x_wconf 75' lang='lat' dir='ltr'><strong>dicend.</strong></span> 
     </span>
     <span class='ocr_line' id='line_1_13' title="bbox 258 1936 1276 2027; baseline 0.002 -20"><span class='ocrx_word' id='word_1_90' title='bbox 258 1941 360 2027; x_wconf 90' lang='lat' dir='ltr'><strong>nique</strong></span> <span class='ocrx_word' id='word_1_91' title='bbox 370 1938 481 2003; x_wconf 79' lang='lat' dir='ltr'><strong>vitiosa</strong></span> <span class='ocrx_word' id='word_1_92' title='bbox 499 1948 547 2002; x_wconf 87' lang='lat' dir='ltr'><strong>est</strong></span> <span class='ocrx_word' id='word_1_93' title='bbox 566 1936 707 2023; x_wconf 84' lang='lat' dir='ltr'><strong>sepulcri</strong></span> <span class='ocrx_word' id='word_1_94' title='bbox 724 1937 903 2024; x_wconf 88' lang='lat' dir='ltr'><strong>inscriptio.</strong></span> <span class='ocrx_word' id='word_1_95' title='bbox 927 1940 1005 2003; x_wconf 85' lang='lat' dir='ltr'><strong>Nam</strong></span> <span class='ocrx_word' id='word_1_96' title='bbox 1017 1941 1042 2003; x_wconf 93' lang='lat' dir='ltr'><strong>si</strong></span> <span class='ocrx_word' id='word_1_97' title='bbox 1060 1943 1155 2007; x_wconf 88' lang='lat' dir='ltr'><strong>etiam</strong></span> <span class='ocrx_word' id='word_1_98' title='bbox 1168 1951 1276 2009; x_wconf 79' lang='lat' dir='ltr'><strong>antel.</strong></span> 
     </span>
     <span class='ocr_line' id='line_1_14' title="bbox 259 2043 1276 2134; baseline 0.002 -22"><span class='ocrx_word' id='word_1_99' title='bbox 259 2047 454 2126; x_wconf 87' lang='lat' dir='ltr'><strong>articulum,</strong></span> <span class='ocrx_word' id='word_1_100' title='bbox 474 2066 572 2133; x_wconf 91' lang='lat' dir='ltr'><strong>quem</strong></span> <span class='ocrx_word' id='word_1_101' title='bbox 594 2043 769 2111; x_wconf 90' lang='lat' dir='ltr'><strong>Plutarcho</strong></span> <span class='ocrx_word' id='word_1_102' title='bbox 787 2055 819 2109; x_wconf 87' lang='lat' dir='ltr'><strong>et</strong></span> <span class='ocrx_word' id='word_1_103' title='bbox 846 2045 982 2110; x_wconf 79' lang='lat' dir='ltr'><strong>Arriano</strong></span> <span class='ocrx_word' id='word_1_104' title='bbox 1007 2048 1193 2134; x_wconf 85' lang='lat' dir='ltr'><strong>ignoratum</strong></span> <span class='ocrx_word' id='word_1_105' title='bbox 1214 2052 1276 2116; x_wconf 84' lang='lat' dir='ltr'><strong>Eos</strong></span> 
     </span>
     <span class='ocr_line' id='line_1_15' title="bbox 258 2143 1276 2242; baseline 0.003 -24"><span class='ocrx_word' id='word_1_106' title='bbox 258 2154 415 2232; x_wconf 82' lang='lat' dir='ltr'><strong>servavit,</strong></span> <span class='ocrx_word' id='word_1_107' title='bbox 435 2161 595 2217; x_wconf 88' lang='lat' dir='ltr'><strong>remotum</strong></span> <span class='ocrx_word' id='word_1_108' title='bbox 612 2151 712 2231; x_wconf 90' lang='lat' dir='ltr'><strong>nolis,</strong></span> <span class='ocrx_word' id='word_1_109' title='bbox 736 2162 769 2216; x_wconf 90' lang='lat' dir='ltr'><strong>at</strong></span> <span class='ocrx_word' id='word_1_110' title='bbox 787 2143 944 2233; x_wconf 73' lang='grc' dir='ltr'><strong><em>βασιλεῦς</em></strong></span> <span class='ocrx_word' id='word_1_111' title='bbox 966 2164 1072 2218; x_wconf 87' lang='lat' dir='ltr'><strong>tamen</strong></span> <span class='ocrx_word' id='word_1_112' title='bbox 1092 2168 1276 2242; x_wconf 89' lang='lat' dir='ltr'><strong>corruptum</strong></span> 
     </span>
     <span class='ocr_line' id='line_1_16' title="bbox 190 2247 1274 2345; baseline 0.004 -21"><span class='ocrx_word' id='word_1_113' title='bbox 190 2271 193 2279; x_wconf 84' lang='lat'>&#39;</span> <span class='ocrx_word' id='word_1_114' title='bbox 258 2258 458 2332; x_wconf 83' lang='lat' dir='ltr'><strong>stituendum</strong></span> <span class='ocrx_word' id='word_1_115' title='bbox 476 2269 525 2323; x_wconf 87' lang='lat' dir='ltr'><strong>ost</strong></span> <span class='ocrx_word' id='word_1_116' title='bbox 540 2247 752 2341; x_wconf 73' lang='grc' dir='ltr'><strong><em>βασιλεύσας,</em></strong></span> <span class='ocrx_word' id='word_1_117' title='bbox 771 2257 860 2345; x_wconf 92' lang='lat' dir='ltr'><strong>quod</strong></span> <span class='ocrx_word' id='word_1_118' title='bbox 877 2259 928 2323; x_wconf 83' lang='lat' dir='ltr'><strong>rel</strong></span> <span class='ocrx_word' id='word_1_119' title='bbox 947 2260 1129 2326; x_wconf 81' lang='lat' dir='ltr'><strong>Eustatbius</strong></span> <span class='ocrx_word' id='word_1_120' title='bbox 1149 2273 1274 2344; x_wconf 90' lang='lat' dir='ltr'><strong>tuetur;</strong></span> 
     </span>
     <span class='ocr_line' id='line_1_17' title="bbox 259 2351 725 2444; baseline -0.011 -13"><span class='ocrx_word' id='word_1_121' title='bbox 259 2364 474 2431; x_wconf 88' lang='lat' dir='ltr'><strong>omittendum</strong></span> <span class='ocrx_word' id='word_1_122' title='bbox 493 2357 512 2428; x_wconf 86' lang='grc' dir='ltr'>ὁ</span> <span class='ocrx_word' id='word_1_123' title='bbox 534 2351 725 2444; x_wconf 76' lang='grc' dir='ltr'><strong><em>Καμβύσου.</em></strong></span> 
     </span>
    </p>

    <p class='ocr_par' dir='ltr' id='par_1_4' title="bbox 239 2466 1276 4609">
     <span class='ocr_line' id='line_1_18' title="bbox 303 2466 1276 2557; baseline 0 -21"><span class='ocrx_word' id='word_1_124' title='bbox 303 2471 454 2536; x_wconf 83' lang='lat' dir='ltr'><strong>Ceterum</strong></span> <span class='ocrx_word' id='word_1_125' title='bbox 483 2468 524 2534; x_wconf 87' lang='lat' dir='ltr'><strong>de</strong></span> <span class='ocrx_word' id='word_1_126' title='bbox 550 2466 647 2551; x_wconf 84' lang='lat' dir='ltr'><strong>hujus</strong></span> <span class='ocrx_word' id='word_1_127' title='bbox 674 2467 748 2553; x_wconf 84' lang='lat' dir='ltr'><strong>Cyri</strong></span> <span class='ocrx_word' id='word_1_128' title='bbox 779 2467 936 2554; x_wconf 88' lang='lat' dir='ltr'><strong>sepulcri,</strong></span> <span class='ocrx_word' id='word_1_129' title='bbox 961 2468 1002 2532; x_wconf 90' lang='lat' dir='ltr'><strong>de</strong></span> <span class='ocrx_word' id='word_1_130' title='bbox 1032 2492 1098 2557; x_wconf 91' lang='lat' dir='ltr'><strong>quo</strong></span> <span class='ocrx_word' id='word_1_131' title='bbox 1127 2473 1237 2557; x_wconf 89' lang='lat' dir='ltr'><strong>paucis</strong></span> <span class='ocrx_word' id='word_1_132' title='bbox 1266 2495 1276 2536; x_wconf 89' lang='lat' dir='ltr'><strong>a</strong></span> 
     </span>
     <span class='ocr_line' id='line_1_19' title="bbox 259 2571 1276 2663; baseline -0.002 -19"><span class='ocrx_word' id='word_1_133' title='bbox 259 2573 658 2655; x_wconf 69' lang='lat' dir='ltr'><strong>Muellerus,&#39;Arolsaeot</strong></span> <span class='ocrx_word' id='word_1_134' title='bbox 689 2571 720 2638; x_wconf 89' lang='lat' dir='ltr'><strong>d.</strong></span> <span class='ocrx_word' id='word_1_135' title='bbox 744 2572 858 2640; x_wconf 72' lang='lat' dir='ltr'><strong>Kanai</strong></span> <span class='ocrx_word' id='word_1_136' title='bbox 885 2578 903 2662; x_wconf 87' lang='lat'><em>§</em></span> <span class='ocrx_word' id='word_1_137' title='bbox 930 2577 1011 2656; x_wconf 82' lang='lat'><strong>245,</strong></span> <span class='ocrx_word' id='word_1_138' title='bbox 1037 2577 1246 2663; x_wconf 88' lang='lat' dir='ltr'><strong>inscriptione</strong></span> <span class='ocrx_word' id='word_1_139' title='bbox 1272 2604 1276 2642; x_wconf 75' lang='grc' dir='ltr'><strong>ε</strong></span> 
     </span>
     <span class='ocr_line' id='line_1_20' title="bbox 259 2679 1275 2768; baseline -0.001 -17"><span class='ocrx_word' id='word_1_140' title='bbox 259 2682 441 2751; x_wconf 88' lang='lat' dir='ltr'><strong>Onesicrito</strong></span> <span class='ocrx_word' id='word_1_141' title='bbox 460 2681 595 2768; x_wconf 88' lang='lat' dir='ltr'><strong>apponit</strong></span> <span class='ocrx_word' id='word_1_142' title='bbox 611 2679 726 2746; x_wconf 87' lang='lat' dir='ltr'><strong>Strabo</strong></span> <span class='ocrx_word' id='word_1_143' title='bbox 744 2681 768 2747; x_wconf 97' lang='lat' dir='ltr'><strong>l.</strong></span> <span class='ocrx_word' id='word_1_144' title='bbox 788 2681 812 2746; x_wconf 96' lang='lat' dir='ltr'><strong>l.</strong></span> <span class='ocrx_word' id='word_1_145' title='bbox 833 2703 866 2766; x_wconf 88' lang='lat' dir='ltr'><strong>p.</strong></span> <span class='ocrx_word' id='word_1_146' title='bbox 891 2685 976 2748; x_wconf 87' lang='lat'>1062</span> <span class='ocrx_word' id='word_1_147' title='bbox 1003 2683 1044 2762; x_wconf 90' lang='lat' dir='ltr'><strong>B,</strong></span> <span class='ocrx_word' id='word_1_148' title='bbox 1069 2684 1132 2749; x_wconf 87' lang='lat' dir='ltr'><strong>alia</strong></span> <span class='ocrx_word' id='word_1_149' title='bbox 1157 2708 1194 2750; x_wconf 83' lang='lat' dir='ltr'><strong>ex</strong></span> <span class='ocrx_word' id='word_1_150' title='bbox 1219 2686 1275 2750; x_wconf 79' lang='lat' dir='ltr'><strong>Ari</strong></span> 
     </span>
     <span class='ocr_line' id='line_1_21' title="bbox 259 2786 1276 2878; baseline -0.003 -19"><span class='ocrx_word' id='word_1_151' title='bbox 259 2791 409 2872; x_wconf 87' lang='lat' dir='ltr'><strong>lamioio;</strong></span> <span class='ocrx_word' id='word_1_152' title='bbox 434 2810 518 2877; x_wconf 91' lang='lat' dir='ltr'><strong>quae</strong></span> <span class='ocrx_word' id='word_1_153' title='bbox 536 2787 655 2853; x_wconf 85' lang='lat' dir='ltr'><strong>referre</strong></span> <span class='ocrx_word' id='word_1_154' title='bbox 673 2786 719 2851; x_wconf 91' lang='lat' dir='ltr'><strong>nil</strong></span> <span class='ocrx_word' id='word_1_155' title='bbox 740 2787 866 2855; x_wconf 89' lang='lat' dir='ltr'><strong>attinet.</strong></span> <span class='ocrx_word' id='word_1_156' title='bbox 898 2789 996 2873; x_wconf 85' lang='lat' dir='ltr'><strong>Cujus</strong></span> <span class='ocrx_word' id='word_1_157' title='bbox 1022 2791 1106 2855; x_wconf 89' lang='lat' dir='ltr'><strong>enim</strong></span> <span class='ocrx_word' id='word_1_158' title='bbox 1127 2793 1276 2878; x_wconf 78' lang='lat' dir='ltr'><strong>potiores</strong></span> 
     </span>
     <span class='ocr_line' id='line_1_22' title="bbox 261 2894 1276 2983; baseline 0.001 -20"><span class='ocrx_word' id='word_1_159' title='bbox 261 2898 476 2965; x_wconf 80' lang='lat' dir='ltr'><strong>existimemus</strong></span> <span class='ocrx_word' id='word_1_160' title='bbox 495 2916 592 2982; x_wconf 91' lang='lat' dir='ltr'><strong>quam</strong></span> <span class='ocrx_word' id='word_1_161' title='bbox 611 2894 697 2978; x_wconf 85' lang='lat' dir='ltr'><strong>ejus,</strong></span> <span class='ocrx_word' id='word_1_162' title='bbox 719 2894 796 2982; x_wconf 86' lang='lat' dir='ltr'><strong>qui,</strong></span> <span class='ocrx_word' id='word_1_163' title='bbox 816 2917 900 2982; x_wconf 87' lang='lat' dir='ltr'><strong>quae</strong></span> <span class='ocrx_word' id='word_1_164' title='bbox 920 2899 1066 2983; x_wconf 86' lang='lat' dir='ltr'><strong>scripsit,</strong></span> <span class='ocrx_word' id='word_1_165' title='bbox 1086 2900 1245 2964; x_wconf 88' lang='lat' dir='ltr'><strong>nonfama</strong></span> <span class='ocrx_word' id='word_1_166' title='bbox 1266 2922 1276 2964; x_wconf 85' lang='lat' dir='ltr'><strong>a</strong></span> 
     </span>
     <span class='ocr_line' id='line_1_23' title="bbox 260 2999 1276 3092; baseline 0 -22"><span class='ocrx_word' id='word_1_167' title='bbox 260 3016 329 3083; x_wconf 84' lang='lat' dir='ltr'><strong>rat,</strong></span> <span class='ocrx_word' id='word_1_168' title='bbox 353 3002 410 3070; x_wconf 88' lang='lat' dir='ltr'><strong>sed</strong></span> <span class='ocrx_word' id='word_1_169' title='bbox 428 3002 531 3067; x_wconf 89' lang='lat' dir='ltr'><strong>oculis</strong></span> <span class='ocrx_word' id='word_1_170' title='bbox 552 3000 621 3087; x_wconf 90' lang='lat' dir='ltr'><strong>ipse</strong></span> <span class='ocrx_word' id='word_1_171' title='bbox 633 2999 707 3065; x_wconf 54' lang='lat' dir='ltr'><strong>&#39;suis</strong></span> <span class='ocrx_word' id='word_1_172' title='bbox 720 3001 938 3069; x_wconf 66' lang='lat' dir='ltr'><strong>lustraverat?</strong></span> <span class='ocrx_word' id='word_1_173' title='bbox 960 3004 1075 3092; x_wconf 88' lang='lat' dir='ltr'><strong>Neque</strong></span> <span class='ocrx_word' id='word_1_174' title='bbox 1098 3005 1253 3092; x_wconf 85' lang='lat' dir='ltr'><strong>estquod</strong></span> <span class='ocrx_word' id='word_1_175' title='bbox 1273 3008 1276 3070; x_wconf 74' lang='grc' dir='ltr'>ἶ</span> 
     </span>
     <span class='ocr_line' id='line_1_24' title="bbox 261 3106 1276 3188; baseline -0.002 -9"><span class='ocrx_word' id='word_1_176' title='bbox 261 3110 360 3179; x_wconf 87' lang='lat' dir='ltr'><strong>chum</strong></span> <span class='ocrx_word' id='word_1_177' title='bbox 377 3130 549 3188; x_wconf 90' lang='lat' dir='ltr'><strong>curemus,</strong></span> <span class='ocrx_word' id='word_1_178' title='bbox 570 3108 645 3185; x_wconf 87' lang='lat' dir='ltr'><strong>ubi,</strong></span> <span class='ocrx_word' id='word_1_179' title='bbox 668 3106 768 3173; x_wconf 87' lang='lat' dir='ltr'><strong>alium</strong></span> <span class='ocrx_word' id='word_1_180' title='bbox 784 3107 901 3173; x_wconf 90' lang='lat' dir='ltr'><strong>ducem</strong></span> <span class='ocrx_word' id='word_1_181' title='bbox 912 3121 1058 3188; x_wconf 90' lang='lat' dir='ltr'><strong>secutus,</strong></span> <span class='ocrx_word' id='word_1_182' title='bbox 1076 3111 1276 3177; x_wconf 87' lang='lat' dir='ltr'><strong>PellaeumP</strong></span> 
     </span>
     <span class='ocr_line' id='line_1_25' title="bbox 261 3213 1255 3304; baseline -0.004 -18"><span class='ocrx_word' id='word_1_183' title='bbox 261 3216 535 3287; x_wconf 79' lang='lat' dir='ltr'><strong>cbum‘iacinoris</strong></span> <span class='ocrx_word' id='word_1_184' title='bbox 560 3225 724 3280; x_wconf 87' lang='lat' dir='ltr'><strong>auctorem</strong></span> <span class='ocrx_word' id='word_1_185' title='bbox 745 3213 981 3301; x_wconf 89' lang='lat' dir='ltr'><strong>deprehensum</strong></span> <span class='ocrx_word' id='word_1_186' title='bbox 1009 3240 1126 3304; x_wconf 88' lang='lat' dir='ltr'><strong>poenas</strong></span> <span class='ocrx_word' id='word_1_187' title='bbox 1158 3219 1255 3282; x_wconf 88' lang='lat' dir='ltr'><strong>luisse</strong></span> 
     </span>
     <span class='ocr_line' id='line_1_26' title="bbox 260 3320 1276 3410; baseline -0.005 -22"><span class='ocrx_word' id='word_1_188' title='bbox 260 3324 415 3396; x_wconf 77' lang='lat' dir='ltr'><strong>Arrianus</strong></span> <span class='ocrx_word' id='word_1_189' title='bbox 435 3322 460 3393; x_wconf 93' lang='lat' dir='ltr'><strong>l.</strong></span> <span class='ocrx_word' id='word_1_190' title='bbox 478 3323 502 3389; x_wconf 98' lang='lat' dir='ltr'><strong>l.</strong></span> <span class='ocrx_word' id='word_1_191' title='bbox 523 3323 578 3389; x_wconf 90' lang='grc'><strong>30.</strong></span> <span class='ocrx_word' id='word_1_192' title='bbox 605 3320 808 3402; x_wconf 83' lang='lat' dir='ltr'><strong>10rxinem,</strong></span> <span class='ocrx_word' id='word_1_193' title='bbox 830 3324 999 3389; x_wconf 88' lang='lat' dir='ltr'><strong>Persarum</strong></span> <span class='ocrx_word' id='word_1_194' title='bbox 1017 3336 1193 3410; x_wconf 81' lang='lat' dir='ltr'><strong>satrapam,</strong></span> <span class='ocrx_word' id='word_1_195' title='bbox 1213 3348 1276 3390; x_wconf 71' lang='lat' dir='ltr'><strong>acci</strong></span> 
     </span>
     <span class='ocr_line' id='line_1_27' title="bbox 260 3413 1276 3517; baseline -0.004 -20"><span class='ocrx_word' id='word_1_196' title='bbox 260 3432 362 3499; x_wconf 84' lang='lat' dir='ltr'><strong>refert</strong></span> <span class='ocrx_word' id='word_1_197' title='bbox 379 3442 412 3495; x_wconf 90' lang='lat' dir='ltr'><strong>et</strong></span> <span class='ocrx_word' id='word_1_198' title='bbox 433 3413 592 3515; x_wconf 89' lang='lat' dir='ltr'><strong>supplicio</strong></span> <span class='ocrx_word' id='word_1_199' title='bbox 609 3428 777 3508; x_wconf 85' lang='lat' dir='ltr'><strong>affectum,</strong></span> <span class='ocrx_word' id='word_1_200' title='bbox 802 3417 877 3517; x_wconf 78' lang='grc' dir='ltr'><strong><em>ἱερά</em></strong></span> <span class='ocrx_word' id='word_1_201' title='bbox 896 3450 933 3494; x_wconf 81' lang='grc' dir='ltr'><strong>τε</strong></span> <span class='ocrx_word' id='word_1_202' title='bbox 948 3422 999 3496; x_wconf 82' lang='grc' dir='ltr'><strong>ὅτι</strong></span> <span class='ocrx_word' id='word_1_203' title='bbox 1020 3420 1177 3517; x_wconf 66' lang='lat' dir='ltr'><strong>canitque</strong></span> <span class='ocrx_word' id='word_1_204' title='bbox 1198 3428 1253 3495; x_wconf 83' lang='grc' dir='ltr'><strong>καὶ</strong></span> <span class='ocrx_word' id='word_1_205' title='bbox 1274 3458 1276 3474; x_wconf 81' lang='lat'><em>=</em></span> 
     </span>
     <span class='ocr_line' id='line_1_28' title="bbox 260 3532 1276 3629; baseline -0.004 -19"><span class='ocrx_word' id='word_1_206' title='bbox 260 3532 477 3629; x_wconf 62' lang='lat' dir='ltr'><strong>ficodensis,</strong></span> <span class='ocrx_word' id='word_1_207' title='bbox 490 3539 545 3607; x_wconf 80' lang='lat' dir='ltr'><strong>uel</strong></span> <span class='ocrx_word' id='word_1_208' title='bbox 569 3541 711 3629; x_wconf 76' lang='grc' dir='ltr'><strong><em>Περσῶν</em></strong></span> <span class='ocrx_word' id='word_1_209' title='bbox 737 3532 882 3615; x_wconf 58' lang='lat' dir='ltr'><strong>noveris</strong></span> <span class='ocrx_word' id='word_1_210' title='bbox 908 3532 960 3607; x_wconf 79' lang='grc' dir='ltr'><strong>ὅτι</strong></span> <span class='ocrx_word' id='word_1_211' title='bbox 980 3532 1020 3607; x_wconf 78' lang='grc' dir='ltr'><strong>οὕ</strong></span> <span class='ocrx_word' id='word_1_212' title='bbox 1044 3533 1101 3620; x_wconf 63' lang='lat' dir='ltr'><strong>§ab</strong></span> <span class='ocrx_word' id='word_1_213' title='bbox 1125 3539 1198 3627; x_wconf 80' lang='grc' dir='ltr'><em>δίκῃ</em></span> <span class='ocrx_word' id='word_1_214' title='bbox 1221 3532 1276 3606; x_wconf 66' lang='lat' dir='ltr'><strong>essi</strong></span> 
     </span>
     <span class='ocr_line' id='line_1_29' title="bbox 260 3653 1276 3742; baseline -0.012 -14"><span class='ocrx_word' id='word_1_215' title='bbox 260 3658 428 3728; x_wconf 78' lang='lat' dir='ltr'><strong>manifesto</strong></span> <span class='ocrx_word' id='word_1_216' title='bbox 446 3655 519 3742; x_wconf 85' lang='lat' dir='ltr'><strong>Cyri</strong></span> <span class='ocrx_word' id='word_1_217' title='bbox 536 3655 720 3741; x_wconf 86' lang='lat' dir='ltr'><strong>sepulcrum</strong></span> <span class='ocrx_word' id='word_1_218' title='bbox 740 3655 931 3741; x_wconf 75' lang='lat' dir='ltr'><strong>respiciens,</strong></span> <span class='ocrx_word' id='word_1_219' title='bbox 957 3653 1011 3719; x_wconf 89' lang='lat' dir='ltr'><strong>sed</strong></span> <span class='ocrx_word' id='word_1_220' title='bbox 1030 3654 1110 3719; x_wconf 79' lang='lat' dir='ltr'><strong>falso</strong></span> <span class='ocrx_word' id='word_1_221' title='bbox 1126 3653 1161 3717; x_wconf 91' lang='lat' dir='ltr'><strong>id</strong></span> <span class='ocrx_word' id='word_1_222' title='bbox 1172 3655 1276 3720; x_wconf 65' lang='lat' dir='ltr'><strong>Orxio,</strong></span> 
     </span>
     <span class='ocr_line' id='line_1_30' title="bbox 261 3760 1274 3849; baseline -0.005 -19"><span class='ocrx_word' id='word_1_223' title='bbox 261 3776 364 3830; x_wconf 91' lang='lat' dir='ltr'><strong>tatum</strong></span> <span class='ocrx_word' id='word_1_224' title='bbox 380 3764 478 3831; x_wconf 83' lang='lat' dir='ltr'><strong>luisse</strong></span> <span class='ocrx_word' id='word_1_225' title='bbox 490 3760 619 3830; x_wconf 80' lang='lat' dir='ltr'><strong>Curtius</strong></span> <span class='ocrx_word' id='word_1_226' title='bbox 635 3762 747 3828; x_wconf 86' lang='lat' dir='ltr'><strong>asserit</strong></span> <span class='ocrx_word' id='word_1_227' title='bbox 767 3760 807 3829; x_wconf 89' lang='lat' dir='ltr'><strong>X.</strong></span> <span class='ocrx_word' id='word_1_228' title='bbox 827 3764 857 3829; x_wconf 94' lang='lat'><strong>1.</strong></span> <span class='ocrx_word' id='word_1_229' title='bbox 871 3764 914 3827; x_wconf 82' lang='grc'><strong>33</strong></span> <span class='ocrx_word' id='word_1_230' title='bbox 932 3783 1017 3849; x_wconf 85' lang='lat' dir='ltr'><strong>sqq,</strong></span> <span class='ocrx_word' id='word_1_231' title='bbox 1036 3774 1198 3849; x_wconf 86' lang='lat' dir='ltr'><strong>negatque</strong></span> <span class='ocrx_word' id='word_1_232' title='bbox 1210 3785 1274 3848; x_wconf 89' lang='lat' dir='ltr'><strong>apu</strong></span> 
     </span>
     <span class='ocr_line' id='line_1_31' title="bbox 260 3869 1275 3959; baseline -0.004 -22"><span class='ocrx_word' id='word_1_233' title='bbox 260 3871 382 3937; x_wconf 89' lang='lat' dir='ltr'><strong>bouem</strong></span> <span class='ocrx_word' id='word_1_234' title='bbox 401 3869 625 3959; x_wconf 67' lang='lat' dir='ltr'><strong>Aristobulus,</strong></span> <span class='ocrx_word' id='word_1_235' title='bbox 651 3890 669 3933; x_wconf 88' lang='lat' dir='ltr'><strong>e</strong></span> <span class='ocrx_word' id='word_1_236' title='bbox 690 3869 807 3935; x_wconf 87' lang='lat' dir='ltr'><strong>lectica</strong></span> <span class='ocrx_word' id='word_1_237' title='bbox 827 3870 994 3956; x_wconf 90' lang='lat' dir='ltr'><strong>solioque,</strong></span> <span class='ocrx_word' id='word_1_238' title='bbox 1018 3871 1162 3955; x_wconf 85' lang='lat' dir='ltr'><strong>quamvis</strong></span> <span class='ocrx_word' id='word_1_239' title='bbox 1185 3869 1275 3933; x_wconf 88' lang='lat' dir='ltr'><strong>aurei</strong></span> 
     </span>
     <span class='ocr_line' id='line_1_32' title="bbox 262 3965 1276 4065; baseline -0.006 -22"><span class='ocrx_word' id='word_1_240' title='bbox 262 3979 417 4065; x_wconf 86' lang='lat' dir='ltr'><strong>surreptis</strong></span> <span class='ocrx_word' id='word_1_241' title='bbox 429 3976 517 4061; x_wconf 86' lang='lat' dir='ltr'><strong>jure</strong></span> <span class='ocrx_word' id='word_1_242' title='bbox 528 3976 687 4057; x_wconf 87' lang='lat' dir='ltr'><strong>efficiens,</strong></span> <span class='ocrx_word' id='word_1_243' title='bbox 705 3965 758 4039; x_wconf 80' lang='grc' dir='ltr'><strong>ὅτι</strong></span> <span class='ocrx_word' id='word_1_244' title='bbox 777 3975 1009 4064; x_wconf 78' lang='grc' dir='ltr'><strong><em>πρανομευσῶν</em></strong></span> <span class='ocrx_word' id='word_1_245' title='bbox 1032 3976 1276 4062; x_wconf 74' lang='lat' dir='ltr'><strong>(ei.Droysen.p</strong></span> 
     </span>
     <span class='ocr_line' id='line_1_33' title="bbox 261 4078 1276 4180; baseline -0.003 -22"><span class='ocrx_word' id='word_1_246' title='bbox 261 4086 357 4180; x_wconf 74' lang='grc' dir='ltr'><strong><em>ἔργον</em></strong></span> <span class='ocrx_word' id='word_1_247' title='bbox 377 4080 429 4179; x_wconf 77' lang='grc' dir='ltr'><strong>ἦν,</strong></span> <span class='ocrx_word' id='word_1_248' title='bbox 451 4080 526 4173; x_wconf 80' lang='grc' dir='ltr'><strong><em>ον’χὶ</em></strong></span> <span class='ocrx_word' id='word_1_249' title='bbox 544 4090 605 4156; x_wconf 81' lang='grc' dir='ltr'><strong>τοῦ</strong></span> <span class='ocrx_word' id='word_1_250' title='bbox 626 4079 818 4177; x_wconf 68' lang='grc' dir='ltr'><strong><em>Σατράπου,</em></strong></span> <span class='ocrx_word' id='word_1_251' title='bbox 841 4078 1082 4158; x_wconf 72' lang='grc' dir='ltr'><strong><em>καταλιπόντων</em></strong></span> <span class='ocrx_word' id='word_1_252' title='bbox 1101 4078 1126 4152; x_wconf 69' lang='grc' dir='ltr'><em>ὃ</em></span> <span class='ocrx_word' id='word_1_253' title='bbox 1147 4081 1192 4175; x_wconf 73' lang='grc' dir='ltr'><strong>μή</strong></span> <span class='ocrx_word' id='word_1_254' title='bbox 1211 4089 1276 4155; x_wconf 74' lang='lat' dir='ltr'><strong>don</strong></span> 
     </span>
     <span class='ocr_line' id='line_1_34' title="bbox 261 4200 1276 4293; baseline -0.005 -23"><span class='ocrx_word' id='word_1_255' title='bbox 261 4202 387 4293; x_wconf 76' lang='grc' dir='ltr'><strong><em>ῥᾳδίως</em></strong></span> <span class='ocrx_word' id='word_1_256' title='bbox 407 4202 582 4290; x_wconf 62' lang='lat' dir='ltr'><strong>inopiam.</strong></span> <span class='ocrx_word' id='word_1_257' title='bbox 595 4226 600 4232; x_wconf 85' lang='grc'><em>·</em></span> <span class='ocrx_word' id='word_1_258' title='bbox 614 4204 814 4272; x_wconf 77' lang='lat' dir='ltr'><strong>Accidesunt</strong></span> <span class='ocrx_word' id='word_1_259' title='bbox 832 4214 942 4268; x_wconf 87' lang='lat' dir='ltr'><strong>autem</strong></span> <span class='ocrx_word' id='word_1_260' title='bbox 969 4202 1049 4268; x_wconf 91' lang='lat' dir='ltr'><strong>baec</strong></span> <span class='ocrx_word' id='word_1_261' title='bbox 1061 4202 1130 4267; x_wconf 68' lang='lat' dir='ltr'><strong>&#39;sub</strong></span> <span class='ocrx_word' id='word_1_262' title='bbox 1149 4200 1245 4265; x_wconf 83' lang='lat' dir='ltr'><strong>finem</strong></span> <span class='ocrx_word' id='word_1_263' title='bbox 1259 4224 1276 4265; x_wconf 80' lang='lat' dir='ltr'><strong>a</strong></span> 
     </span>
     <span class='ocr_line' id='line_1_35' title="bbox 262 4308 1276 4399; baseline -0.001 -24"><span class='ocrx_word' id='word_1_264' title='bbox 262 4331 365 4397; x_wconf 90' lang='lat' dir='ltr'><strong>quum</strong></span> <span class='ocrx_word' id='word_1_265' title='bbox 382 4312 532 4383; x_wconf 76' lang='lat' dir='ltr'><strong>sexennio</strong></span> <span class='ocrx_word' id='word_1_266' title='bbox 551 4324 647 4392; x_wconf 85' lang='lat' dir='ltr'><strong>ante,</strong></span> <span class='ocrx_word' id='word_1_267' title='bbox 667 4322 804 4396; x_wconf 82' lang='lat' dir='ltr'><strong>exeunte</strong></span> <span class='ocrx_word' id='word_1_268' title='bbox 820 4333 852 4382; x_wconf 86' lang='lat' dir='ltr'><strong>a.</strong></span> <span class='ocrx_word' id='word_1_269' title='bbox 873 4314 939 4377; x_wconf 73' lang='lat' dir='ltr'><strong>ant</strong></span> <span class='ocrx_word' id='word_1_270' title='bbox 952 4308 1132 4399; x_wconf 61' lang='lat' dir='ltr'><strong>(Plutarch,</strong></span> <span class='ocrx_word' id='word_1_271' title='bbox 1146 4308 1171 4375; x_wconf 90' lang='lat' dir='ltr'><strong>l.</strong></span> <span class='ocrx_word' id='word_1_272' title='bbox 1182 4308 1205 4375; x_wconf 93' lang='lat' dir='ltr'><strong>l.</strong></span> <span class='ocrx_word' id='word_1_273' title='bbox 1218 4309 1276 4374; x_wconf 82' lang='lat' dir='ltr'><strong>XX</strong></span> 
     </span>
     <span class='ocr_line' id='line_1_36' title="bbox 261 4415 1275 4507; baseline -0.001 -27"><span class='ocrx_word' id='word_1_274' title='bbox 261 4415 442 4492; x_wconf 69' lang='lat' dir='ltr'><strong>Alexander</strong></span> <span class='ocrx_word' id='word_1_275' title='bbox 469 4419 610 4505; x_wconf 88' lang='lat' dir='ltr'><strong>primum</strong></span> <span class='ocrx_word' id='word_1_276' title='bbox 631 4416 823 4507; x_wconf 85' lang='lat' dir='ltr'><strong>Pasargadas</strong></span> <span class='ocrx_word' id='word_1_277' title='bbox 842 4419 977 4484; x_wconf 86' lang='lat' dir='ltr'><strong>venisset</strong></span> <span class='ocrx_word' id='word_1_278' title='bbox 1001 4428 1033 4482; x_wconf 87' lang='lat' dir='ltr'><strong>el</strong></span> <span class='ocrx_word' id='word_1_279' title='bbox 1049 4417 1124 4504; x_wconf 80' lang='lat' dir='ltr'><strong>Cyri</strong></span> <span class='ocrx_word' id='word_1_280' title='bbox 1144 4415 1275 4501; x_wconf 89' lang='lat' dir='ltr'><strong>sepulcr</strong></span> 
     </span>
     <span class='ocr_line' id='line_1_37' title="bbox 239 4535 424 4609; baseline 0.032 -23"><span class='ocrx_word' id='word_1_281' title='bbox 239 4535 424 4609; x_wconf 77' lang='lat' dir='ltr'><strong>-spcxrsset</strong></span> 
     </span>
    </p>
   </div>
   <div class='ocr_carea' id='block_1_4' title="bbox 0 0 1661 5600">
    <p class='ocr_par' dir='ltr' id='par_1_5' title="bbox 0 0 1661 5600">
     <span class='ocr_line' id='line_1_38' title="bbox 0 0 1661 5600; baseline 0 0"><span class='ocrx_word' id='word_1_282' title='bbox 0 0 1661 5600; x_wconf 95' lang='lat' dir='ltr'><strong> </strong></span> 
     </span>
    </p>
   </div>
  </div>
 </body>
</html>
