3300 5600
777 572 817 637 l'l

224 742 446 832 peritissimus
459 738 539 809 belli
559 739 625 809 dux
644 763 683 810 eo
702 744 828 810 nonore
846 742 955 813 studio
971 745 1006 811 ln
1022 743 1059 814 ld
1075 744 1247 828 incubuit.
1271 747 1364 838 quod

225 850 372 915 mixime
388 847 451 913 sibi
464 860 698 936 proposuerat,
720 861 758 916 ut
780 850 915 917 cumdio
932 849 1106 919 Alexandri
1122 849 1261 934 bellice,
1283 875 1362 942 prn-

225 955 374 1021 dentiam
397 954 569 1020 militorom
587 967 619 1021 ot
643 957 772 1043 egregia
788 957 822 1021 in
844 955 921 1022 orbo
944 965 1103 1023 terrorum
1118 957 1296 1044 subigendo
1313 961 1364 1026 lo-

226 1063 343 1128 cinore
360 1058 563 1148 diligentius,
579 1083 675 1150 quom
692 1061 733 1126 ab
744 1062 813 1127 eliis
830 1063 952 1130 lactum
968 1060 1107 1145 rideret,
1120 1063 1315 1130 describeret
1326 1064 1363 1151 ¹).

227 1169 325 1251 Quae
340 1187 463 1232 summo
483 1178 521 1232 ut
543 1167 638 1233 facile
661 1167 790 1255 cogitur
812 1189 831 1232 e
850 1181 964 1235 notura
980 1169 1253 1256 fragmentorum,
1277 1189 1366 1260 queo

227 1285 302 1339 tum
316 1272 388 1338 eliis
401 1273 628 1360 scriptoribus,
652 1284 721 1339 tum
743 1294 820 1340 roro
835 1274 969 1342 Arriano
989 1271 1016 1364 Ι)
1042 1274 1241 1367 potissimum
1260 1276 1360 1343 dobe-

229 1468 435 1481 m

264 1590 291 1658 1)
308 1594 475 1659 ltsqnaqoam
492 1591 570 1656 mter
593 1594 716 1645 remotior
744 1595 876 1660 lisereno,
899 1593 931 1645 ds
945 1595 1028 1658 forts.
1051 1594 1125 1645 ΡΜ.
1144 1609 1170 1660 p.
1186 1591 1237 1659 dl,
1252 1609 1308 1647 sem
1324 1597 1365 1649 1ο-

234 1679 298 1731 reati
314 1679 349 1730 de
371 1676 511 1731 Ptolemaei
533 1680 720 1730 commentariis
743 1681 912 1746 nemetiam,
931 1679 1004 1745 qnasi
1025 1679 1092 1733 nihil
1106 1679 1210 1733 omuino
1226 1680 1276 1733 nisi
1294 1681 1367 1745 netu

236 1764 370 1831 epirum
392 1768 420 1815 st
445 1764 551 1831 proelio
577 1766 758 1821 «monnulus
775 1782 830 1819 esse
850 1765 1036 1833 Ptolomeum‚
1060 1767 1161 1832 inquit,
1187 1765 1216 1816 in
1236 1766 1365 1821 ὴοΗοιιιω

231 1851 352 1915 littoris,
370 1865 403 1901 ox
424 1850 533 1900 Arriano
553 1852 676 1919 suspioeri
696 1852 771 1913 licet3
789 1868 843 1918 qno
862 1852 931 1919 ipso,
950 1868 1030 1917 quere
1048 1853 1201 1907 Pluterelrus
1224 1869 1314 1920 purim
1330 1869 1364 1905 eo

229 1952 291 1989 utne
307 1937 403 2000 tuerit,
416 1936 592 1988 declaretur.»
1088 1982 1097 2003 Χ

261 2020 290 2088 2)
308 2024 442 2089 Quatenus
462 2027 490 2074 ot
507 2024 535 2074 in
555 2022 648 2088 quibus
665 2023 771 2073 maxime
792 2020 872 2073 rebus
883 2021 1007 2074 Arrianus
1018 2038 1078 2091 prae
1094 2023 1242 2076 Aristobulo
1256 2024 1367 2092 ollisque

227 2109 403 2161 Phleureeum
421 2112 524 2159 seoutm
543 2110 592 2174 eit,
608 2108 681 2159 dioto
696 2110 760 2159 adeo
779 2113 820 2159 est
834 2108 951 2175 difficile,
970 2114 1001 2159 ut
1013 2110 1055 2160 rel
1068 2110 1096 2161 in
1117 2110 1269 2175 conjectura
1280 2113 1308 2162 id
1322 2113 1366 2163 rix

228 2197 340 2262 positam
356 2210 482 2247 osunen.
509 2195 572 2245 ruli
595 2201 680 2246 umen
696 2195 742 2244 ille
760 2210 914 2260 mrpnopere
931 2195 1042 2261 videtur,
1060 2196 1105 2261 qui
1131 2197 1266 2247 Atriorum
1289 2203 1365 2263 potet

228 2283 352 2331 onium
364 2281 536 2332 Ptolemaeum
553 2281 634 2347 pluris
650 2280 740 2333 iecisse
758 2296 836 2347 quam
851 2280 1034 2333 Aristobulum.
1053 2282 1141 2332 Puero
1155 2282 1259 2347 utrique
1272 2283 1365 2335 tribuit

227 2365 364 2419 bennum.
390 2367 461 2431 Quod
483 2367 551 2416 euim
567 2367 611 2418 Vl.
633 2365 659 2418 2.
685 2365 702 2417 1
726 2367 835 2435 (inem.
858 2368 924 2422 xxi
943 2368 979 2418 Gt.
997 2368 1028 2418 V.
1045 2365 1088 2418 14.
1106 2367 1140 2432 5,
1158 2367 1256 2432 rnen.
1273 2366 1364 2435 xvii)

228 2453 333 2503 urium
364 2467 501 2503 nnmerum
528 2438 696 2517 mensurus,
727 2452 821 2517 quibus
849 2452 991 2504 Alexander
1017 2454 1046 2504 in
1075 2452 1189 2519 llpdxspo
1217 2454 1363 2520 navigavit,

228 2538 420 2617 Πτολεμαῖος
441 2531 461 2600 o‘
480 2531 603 2621 Λάγου,
625 2548 677 2614 rit,
699 2526 726 2625 pi
750 2531 920 2618 μάλιστα
946 2531 1021 2621 lyei
1047 2533 1207 2619 ἕπομαι,
1231 2551 1258 2602 id
1285 2565 1362 2602 nemo

228 2640 277 2691 erit
285 2642 332 2705 qui
339 2641 376 2691 ita
389 2641 513 2708 recipiet,
524 2643 597 2706 queri
607 2642 647 2691 his
657 2642 740 2692 verbis
749 2642 871 2692 Arrianus
885 2642 1061 2707 affirmaverit,
1070 2658 1098 2693 se
1107 2644 1137 2691 s'sr
1144 2644 1294 2692 eudemum
1302 2657 1364 2709 pree

228 2727 347 2776 omnibus
364 2728 422 2777 aliis
439 2728 610 2780 Ptolemaeum
631 2729 752 2795 empleeti
771 2744 801 2778 ao
818 2730 900 2792 sequi.
917 2730 970 2779 lloo
989 2745 1050 2780 vero
1064 2745 1145 2779 nuum
1160 2729 1303 2794 significet,
1318 2745 1363 2778 au·

227 2819 346 2880 spectum
370 2814 419 2865 sibi
436 2831 491 2866 esee
509 2817 655 2881 ontelognm
672 2817 788 2879 nerium,
808 2832 824 2865 a
841 2817 954 2867 ltenreho
970 2818 1131 2882 coniectum,
1150 2822 1178 2867 et
1190 2817 1270 2880 mgis
1284 2817 1363 2867 etiam

228 2900 297 2964 quod
322 2901 530 2953 mendacissimus
556 2903 659 2969 scripsit
687 2902 857 2962 onesicritum
884 2903 962 2952 solam
984 2902 1121 2953 Ptolsmxei
1143 2902 1316 2952 recensionem
1334 2919 1363 2954 ae

227 2986 381 3035 rorissimam
396 2988 544 3038 existimare.
564 2988 649 3054 Quid?
662 2989 731 3052 quod
746 2989 778 3039 de
786 2988 933 3040 Aristobulo
948 2989 1043 3055 puriter
1060 2988 1257 3054 aol'tolemeeo,
1266 2989 1364 3055 quippo

227 3083 321 3133 mon·
337 3082 474 3132 stennon
486 3083 654 3150 scriptoribus
665 3084 748 3134 morso
756 3084 911 3149 mnemon
922 3083 1021 3150 omn,
1039 3064 1158 3149 οἷστισι,
1180 3084 1232 3150 ns,
1249 3074 1364 3153 μᾶλλον

228 3168 289 3255 ἒγιι)
309 3168 507 3257 ξυμφέρομαιΙ
525 3186 590 3253 (vn.
606 3183 649 3236 15.
663 3181 710 3250 6.),
725 3189 753 3234 et
766 3185 829 3235 alibi
847 3185 887 3252 (V.
905 3181 931 3235 7.
950 3184 986 3252 1,)
1004 3185 1107 3252 liudem,
1125 3185 1218 3251 quibus
1235 3202 1312 3254 supre
1329 3187 1362 3238 do

226 3289 373 3339 Ptolemaeo
388 3303 463 3338 urum
481 3288 549 3351 dixi,
570 3284 670 3352 verbio,
688 3264 732 3349 οἷς
752 3266 885 3356 μάλιστα
905 3268 968 3357 byns*
989 3271 1110 3357 ἕπομαι,
1132 3287 1227 3338 diserte
1242 3292 1363 3338 nentrum

226 3378 302 3458 elteri
318 3378 471 3443 praeponit?
488 3376 589 3442 Siquid
608 3393 668 3427 vero
686 3379 713 3428 in
730 3394 758 3429 re
774 3378 853 3428 dubis
862 3359 998 3430 admodum
1016 3385 1044 3430 et
1062 3379 1169 3430 obscure
1180 3378 1361 3442 metuendum,

226 3463 276 3514 lroc
288 3464 395 3528 quidem
408 3464 477 3514 houd
494 3466 529 3514 ite
544 3479 636 3527 magna
651 3467 794 3515 temeritate
809 3470 920 3517 statuere
928 3467 992 3516 mibi
1002 3466 1096 3531 videor,
1107 3466 1214 3516 Arriono
1222 3462 1363 3516 Ptolomaei

227 3560 425 3610 commentarios
449 3560 526 3610 fnisse
550 3564 669 3624 tonquom
694 3551 890 3612 fundamentum
916 3561 1111 3627 solidirsimnm,
1139 3562 1182 3611 oui
1199 3541 1363 3631 'Aioleion

226 3665 298 3700 suam
316 3655 521 3717 superstrueret3
539 3652 608 3716 quod
622 3666 716 3701 norum
730 3652 876 3705 aedificium
898 3668 950 3718 qno
972 3658 1122 3717 exsurgeret
1139 3652 1253 3704 ornetius
1267 3657 1295 3701 ot
1311 3666 1364 3702 ma·

226 3736 408 3801 qnificentins,
425 3737 572 3800 materiem,
583 3752 660 3802 quem
676 3738 700 3787 ei
715 3738 825 3804 amplam
839 3737 1162 3804 preebebetArietobnlus,
1173 3737 1362 3801 diligentissime

225 3822 371 3873 adhibuit·
388 3824 537 3887 Terrarnm,
565 3822 717 3888 fluviorum,
751 3824 867 3887 gentium
888 3824 1045 3890 eliorumqne
1070 3840 1157 3875 rerum
1178 3823 1363 3891 descriptiones

225 3921 308 3972 quum
334 3907 492 3982 potissimum
510 3908 552 3958 rel
572 3909 684 3973 integras
702 3910 734 3959 eb
746 3908 894 3960 Aristobulo
912 3911 1059 3978 occiperet,
1077 3912 1119 3961 rel
1135 3911 1167 3961 ad
1184 3911 1263 3975 hujus
1277 3926 1363 3960 norre-

224 3994 323 4044 tionsm
353 3994 463 4059 proximo
498 3999 678 4060 componeret,
706 3994 879 4045 Ptolemaeum
911 4001 967 4045 tum
983 3996 1022 4060 ‚in
1050 3997 1137 4064 primis
1164 4000 1276 4048 sectetur
1307 4000 1361 4060 est,

224 4094 308 4142 quum
338 4079 370 4129 de
405 4079 507 4144 proeliio
538 4081 677 4131 commissis
707 4081 866 4145 urbibusque
893 4083 1044 4147 expugnetis
1067 4082 1206 4133 dicendum
1229 4084 1310 4147 erret,
1334 4086 1363 4131 ot

224 4164 333 4214 nexium
357 4166 477 4230 quidem,
506 4167 526 4215 si
554 4166 647 4230 quibus
673 4168 767 4232 pugnis
798 4167 851 4217 sire
880 4167 1017 4218 Alexandri
1050 4182 1135 4218 eomes
1164 4183 1210 4216 seu
1242 4167 1362 4233 princeps

223 4251 281 4316 ipae
305 4250 357 4299 dux
377 4250 539 4302 Ptolemaeus
563 4252 727 4322 interluirset.
752 4253 823 4303 llnde
848 4253 914 4303 libro
938 4255 986 4304 vll
1008 4270 1061 4304 non
1085 4253 1134 4302 nisi
1157 4268 1225 4302 unns
1249 4254 1281 4305 do
1303 4254 1361 4303 Cos·

224 4336 292 4386 aneis
324 4336 425 4386 domitis
452 4338 522 4387 loeus
547 4335 600 4404 (15.
629 4334 643 4385 1
669 4335 736 4403 sqq.)
763 4339 798 4387 itu
828 4345 987 4405 comparetur
1010 4343 1063 4403 est,
1086 4344 1115 4388 ut
1141 4339 1218 4388 tacito
1241 4355 1255 4388 o
1277 4339 1362 4390 Ptole·

224 4437 300 4472 meeo
317 4422 481 4495 depromptus
497 4440 552 4475 esse
568 4424 629 4489 jure
645 4424 723 4473 statui
737 4424 830 4491 possit,
853 4430 881 4474 et
898 4441 945 4491 pro
960 4424 1044 4475 docem
1061 4423 1201 4475 Aristobuli
1216 4425 1362 4489 fragmentis

225 4509 269 4559 vix
285 4525 364 4558 enum
378 4511 517 4562 Ptolemaei
539 4513 682 4583 proteritur
696 4510 749 4582 (to.
769 4509 803 4575 2,
825 4508 871 4575 3.).
903 4512 1002 4580 Quippe
1016 4515 1127 4565 extreme
1142 4511 1279 4563 Alexandri
1296 4512 1361 4580 rito,

226 4610 294 4659 quse
309 4595 357 4648 illo
371 4594 438 4662 libro
452 4602 595 4664 cummim,
611 4614 663 4650 non
684 4598 828 4667 continuis,
844 4603 874 4647 ut
889 4604 978 4664 entre,
995 4597 1126 4652 terebatur
1146 4597 1235 4664 bellis,
1256 4598 1301 4649 sed
1315 4599 1360 4649 do·

1188 4682 1206 4732 A
