3300 5600
312 2279 393 2348 Jam
412 2290 525 2359 tenes,
550 2278 757 2346 amiciesime
770 2273 891 2358 Geeri,
915 2300 1006 2370 quae
1017 2278 1191 2349 scribendi
1199 2277 1271 2351 hoc
1280 2298 1362 2375 opat·
1419 2275 1422 2314 ¹

264 2403 385 2472 culum
395 2404 554 2495 princeps
564 2399 651 2470 mihi
663 2400 768 2469 fuerit
781 2424 901 2482 causa,
916 2400 1012 2494 quod
1025 2404 1367 2512 attentatuaccipi!
1416 2406 1422 2450 ²

264 2527 524 2606 benevolentia,
550 2535 685 2619 quanta
704 2547 769 2618 ego
792 2527 895 2595 mitto
914 2528 1022 2596 animi
1036 2529 1239 2623 voluptate,
1266 2530 1371 2602 admo

266 2652 352 2722 dum
375 2671 475 2743 spero
500 2662 661 2743 optoque.

316 2775 439 2847 Finem
464 2772 636 2845 scribendi
659 2772 829 2853 lacerem,
854 2775 921 2843 nisi
945 2786 1204 2869 peropportune
1222 2780 1378 2853 subiisset

265 2901 353 2972 mihi
374 2895 717 2980 Duridia'memoria,
744 2896 788 2967 de
803 2921 874 2991 quo
886 2921 998 2991 pauca
1008 2912 1108 2981 aunt,
1136 2906 1287 2996 quaeab
1299 2904 1381 2975 Hac·

264 3027 347 3098 kero
371 3023 535 3108 edoctus,
562 3022 649 3096 Viro
670 3020 787 3104 Doct,
814 3032 849 3093 te
871 3023 1045 3098 monitum
1068 3026 1185 3095 velim.
1214 3027 1254 3097 Is
1279 3032 1384 3126 igitur

264 3152 465 3245 nuperrime
482 3151 720 3243 conjecturam
739 3149 1029 3241 quandamauam
1040 3175 1179 3222 mecum
1192 3177 1255 3246 per
1267 3156 1385 3248 literae
1418 3105 1422 3226 l

265 3274 554 3356 communicavit,
581 3297 653 3367 qua
676 3296 845 3367 perquam
867 3277 1190 3371 ingenioeenemini
1204 3276 1387 3352 adhucin·

265 3402 448 3472 tellectum
469 3396 634 3493 Hesychii
657 3398 775 3468 locum
795 3401 845 3472 ita
863 3400 1048 3471 emendare
1068 3412 1175 3493 atque
1197 3404 1388 3495 explanare

266 3525 422 3605 studuit,
449 3534 491 3593 ut
521 3521 665 3594 Duridia
700 3548 812 3618 quum
851 3527 1040 3619 paululum
1064 3524 1300 3628 locupletaret
1321 3532 1388 3600 ira·

266 3661 427 3747 gmenta,
460 3647 505 3718 ad
533 3647 724 3718 dictionem
749 3651 857 3720 simul
881 3647 1132 3720 illustrandam
1159 3651 1390 3745 aliquantum

266 3776 445 3845 conferret.
468 3771 573 3864 Quod
591 3795 663 3866 quo
680 3776 791 3868 magia
812 3776 1001 3868 intelligas,
1024 3776 1098 3867 ipaa
1112 3773 1261 3844 Heckeri
1285 3781 1393 3849 verba

265 3899 321 3970 hia
354 3900 574 3997 interponere
599 3900 721 3991 juvat,
760 3922 806 3967 ne
830 3900 920 3968 forte
953 3901 1039 3969 meis
1073 3911 1177 3969 utens
1216 3902 1286 3970 vim
1314 3905 1393 3996 ejus

267 4024 581 4119 argumentationis
611 4023 782 4118 frangam.
816 4020 1023 4103 «Obscura,
1051 4025 1187 4117 inquit,
1221 4032 1395 4099 memoria

267 4148 432 4218 dictionis
453 4168 526 4215 non
551 4148 672 4228 tritae,
697 4149 735 4216 in
761 4143 907 4216 Duridia
933 4150 1068 4241 scriptis
1093 4150 1275 4231 inventae,
1300 4150 1394 4222 deli-

267 4286 396 4344 tescere
431 4270 570 4342 videtur
604 4274 642 4342 in
675 4272 964 4365 depravatissimo
1005 4271 1170 4366 Hesychii
1207 4275 1325 4369 glossa
1359 4302 1391 4348 r.

267 4395 485 4486 Καταρὶστην,
515 4390 635 4487 ὀρθὴν,
663 4386 843 4486 δουριστὴν.
868 4390 961 4484 παρὰ
985 4388 1180 4481 Καλλιμάχῳ
1202 4399 1239 4464 δὲ
1257 4394 1315 4488 τήν
1335 4392 1393 4483 χά-

268 4519 375 4598 λαζαν.
397 4517 544 4585 Nullam
563 4522 765 4588 varietatem
785 4542 805 4587 e
823 4516 941 4587 codice
955 4516 1090 4617 Veneto
1106 4524 1262 4590 enotavit
1281 4520 1392 4589 Scho-
