3300 5600
778 589 818 651 15

225 767 336 845 tibur,
362 785 460 851 quam
485 761 581 828 lraud'
595 761 657 826 alio
686 759 819 825 consilio
844 773 1005 848 receptam
1029 764 1246 831 al’tolemeeo
1267 776 1362 852 puta·

224 874 350 950 verim,
374 891 473 956 quam
495 880 532 933 ut
548 867 642 932 fectis
656 865 853 947 Alexandri,
866 869 1000 956 'quippe
1018 870 1160 935 favorem
1176 869 1275 937 divini
1295 896 1360 940 nu-

224 978 321 1043 minis
345 976 484 1062 experti,
516 975 590 1060 plus
607 973 864 1060 magnificentiae
889 986 923 1039 et
942 976 1120 1061 splendoris
1138 976 1309 1044 adderetur
1322 980 1358 1067 ¹).

272 1082 406 1151 Accidit
423 1082 523 1170 igitur
540 1080 608 1146 hoc
626 1080 758 1145 humani
779 1082 978 1162 Ptolemaeo,
1002 1096 1038 1148 ut
1060 1105 1161 1171 quum
1180 1084 1360 1153 Alexandro

228 1191 416 1257 etceritate
430 1187 644 1252 etbeneIIciis
664 1186 850 1252 adstrictum
876 1210 909 1253 se
927 1189 1075 1281 sentiret,
1106 1191 1270 1274 praeclara
1294 1192 1361 1274 ejus

226 1299 373 1362 facinora
393 1295 539 1360 ornatius
558 1293 720 1359 interdum
738 1315 948 1380 quamvere,
972 1295 1076 1365 minus
1097 1295 1229 1363 honesta
1249 1319 1369 1383 parum·

228 1401 367 1470 candide
382 1401 599 1468 describeret·
622 1401 788 1480 Ceterum,
807 1411 844 1465 ut
863 1400 999 1467 alterum
1015 1402 1129 1466 vitium
1144 1403 1178 1465 in
1198 1405 1363 1489 copiarum

229 1509 429 1574 devictarum
448 1507 595 1571 numeris·
618 1505 705 1571 ha'ud
725 1509 798 1589 satis
816 1519 965 1572 accurate
997 1506 1223 1573 constituendis
1235 1507 1261 1592 2)
1285 1530 1363 1577 con-

232 1617 396 1701 spicuum,
409 1622 446 1678 ut
456 1613 576 1679 leviora
586 1614 681 1679 etiam
697 1611 862 1701 peceatat)
878 1626 1094 1698 praeteream,
1109 1614 1215 1700 qualia
1227 1614 1260 1676 in
1272 1614 1361 1678 nullo

235 1721 480 1805 conscriptore
508 1720 667 1804 reperies,
695 1721 786 1784 nobis
808 1722 842 1783 in
868 1719 938 1784 fida
958 1719 1131 1785 Ptolemaei
1155 1719 1360 1803 dijudicanda

233 1824 324 1892 uidua
336 1827 412 1917 llere
431 1823 557 1909 judicii·
574 1842 688 1890 norma
700 1825 847 1891 habenda
858 1838 914 1891 est
934 1828 1077 1906 Arriani,
1097 1825 1204 1890 idonei
1219 1825 1358 1909 judicis,

229 1933 413 2023 sententie,
425 1932 505 2017 adeo
521 1920 871 2020 'quidem'honorifi'cffi
887 1944 931 1997 'ut
950 1933 1153 2018 paucis'illis‚
1177 1955 1255 2020 quae
1276 1932 1362 1999 indi·

230 2036 389 2122 aetimare,
403 2038 537 2127 maculis
557 2034 629 2129 non*
642 2063 837 2128 magnopere
848 2026 1058 2123 offendamur.
1081 2039 1216 2105 Accedit
1233 2040 1295 2105 hoc
1313 2041 1363 2105 lu·

228 2130 483 2231 ouleniis‘simum
501 2130 645 2223 ,veritatis
662 2159 694 2212 et
710 2146 857 2227 candoris
876 2146 1076 2234 exemplum,
1101 2147 1208 2233 quod,
1229 2146 1364 2211 Arriano

228 2240 384 2323 etCurtio
402 2240 632 2342 memoratum,
653 2254 744 2319 nobis
765 2257 798 2318 in
819 2255 928 2340 primis
949 2251 1177 2331 attendendum
1200 2264 1257 2319 est.
1281 2253 1365 2317 Fue·

227 2371 300 2425 rant
317 2359 404 2424 enim
423 2359 480 2446 qui
496 2361 714 2426 Ptolemaeum
729 2360 907 2425 seriberent
918 2359 1117 2440 Alexandro,
1135 2359 1176 2424 ad
1195 2354 1364 2437 Mallorum

228 2466 343 2533 urbem
364 2452 547 2557 gravissime
560 2450 743 2546 vulnerato,
761 2489 827 2533 una
844 2488 917 2531 cum
937 2466 1091 2532 Peucesta
1104 2466 1255 2553 clypeum
1271 2453 1363 2555 prae·

229 2572 369 2657 tendisse
376 2572 504 2659 ,atque
519 2573 594 2638 hinc
612 2574 653 2639 ob
671 2586 830 2639 servatum
848 2575 970 2659 Regem
989 2573 1255 2660 cognominatum>
1268 2557 1364 2635 luisse

232 2678 378 2767 Σιπῆρα.
420 2677 507 2762 Quid
534 2702 610 2768 vero
641 2680 867 2746 Ptolemaeust
900 2681 1051 2750 Veritatis
1081 2682 1177 2766 qnam
1209 2675 1364 2761 ejusmodi

222 2775 323 2850 ¹lictae
340 2784 496 2873 gloriolae
515 2788 689 2868 amantior,
707 2787 822 2852 afuisse
839 2808 891 2868 ee,
903 2787 1042 2853 missum
1060 2784 1361 2872 inexpeditionem,

230 2892 403 2958 memoriae
425 2890 604 2979 tradidiu).
667 2898 691 2969 ’,
1104 2955 1108 2964 ,
1288 2961 1291 2966 ,
1348 2961 1351 2966 ,

272 2998 323 3063 lte
353 2999 476 3064 ratione
497 3011 530 3064 et
549 3000 682 3067 consilio
711 3002 815 3088 operis
845 3000 924 3087 quid
944 3001 1066 3080 dicam,
1098 3000 1195 3065 animi
1225 2997 1361 3086 pendeo.

232 3102 319 3171 Adeo
340 3105 477 3192 obscum
493 3118 526 3174 et
540 3110 664 3175 ineerta
681 3120 756 3173 sunt
772 3108 889 3176 omnia.
924 3108 1005 3172 Stilo
1023 3129 1088 3173 non
1105 3106 1267 3173 floridiore
1283 3105 1361 3182 illo,

262 3405 289 3474 1)
307 3407 367 3458 vid.
385 3410 474 3458 annot.
492 3404 524 3453 ad
542 3403 639 3464 ungo.
657 3400 714 3449 vlt.
1311 3425 1314 3432 .

258 3491 288 3560 ’1)
307 3495 343 3545 Ex
361 3490 469 3543 Arriano
490 3491 517 3539 id
540 3488 627 3539 effecit
648 3486 746 3552 pridem
764 3487 923 3551 Droyscnus‚
942 3486 1034 3534 Geron.
1049 3484 1126 3533 Alsa.
1145 3480 1364 3548 p0165‚mcmor

233 3579 326 3644 Inger.
344 3581 382 3640 V}
401 3579 476 3644 cujus
493 3576 547 3627 viri
566 3572 652 3631 celeb.
674 3571 738 3621 haee
758 3578 819 3621 sunt
834 3570 935 3620 verba:
957 3571 1039 3621 ‹Wie
1057 3570 1120 3617 tect
1140 3568 1207 3616 cocle
1228 3572 1301 3615 ronst
1322 3566 1366 3616 die

235 3666 478 3731 Ghudwsirdiglres't
493 3662 538 3711 des
556 3658 703 3710 Ptolemdos
724 3658 777 3706 und
794 3658 932 3707 Aristotel
953 3659 1010 3707 seio
1029 3672 1104 3722 mog,
1128 3656 1158 3703 in
1178 3653 1273 3702 diesem
1292 3655 1366 3701 aaron

234 3756 319 3805 hulst
331 3751 494 3804 der=chslso
503 3747 670 3811 feissdlielssr
688 3747 806 3810 Tmppen
823 3745 905 3793 hodon
918 3748 961 3793 sie
977 3744 1110 3792 Iisweilsn
1127 3743 1205 3790 ilsrsn
1218 3741 1295 3791 Motu
1311 3739 1366 3787 ond

233 3840 411 3891 ursa-natm
432 3831 482 3887 siit
500 3833 681 3901 eingostiltlt.»

257 3926 289 3991 ’8)
305 3926 372 3977 Vide
386 3919 475 3977 annot.
490 3921 522 3973 sd
540 3919 639 3982 urget
657 3918 741 3981 xv11,
758 3918 844 3980 Illill,
861 3917 973 3966 Aristoh.
991 3917 1090 3979 Fragm.
1106 3914 1222 3964 XXVIII.

259 4010 450 4077 etatemque
465 4006 651 4072 testimenium,
667 4008 719 4053 tam
733 4003 834 4054 Arriani
851 4018 926 4065 quam
940 4004 1034 4066 Curtii,
1044 4002 1144 4073 'legitur
1157 4002 1255 4062 Iraffm.
1270 3997 1364 4062 XXIII,

232 4108 274 4164 ulti
283 4109 343 4159 side
355 4112 445 4159 annot.
461 4110 611 4170 &gnomen
624 4088 766 4170 Σωτῆρος
783 4098 888 4150 Rhodiis
898 4097 1001 4161 deberi,
1015 4098 1064 4148 hoc
1073 4097 1156 4149 modo
1167 4101 1267 4159 gratum
1279 4094 1366 4142 Ptole-

230 4213 301 4248 mcc
311 4198 426 4246 mmmm
439 4195 543 4263 publice
554 4193 765 4259 testificantibus,
779 4198 809 4241 ut
830 4191 875 4254 qni
883 4191 952 4255 ipso's
960 4208 974 4239 a
983 4191 1104 4239 diuturna
1114 4188 1236 4251 gravique
1244 4186 1366 4234 Demetrii

229 4283 401 4341 Poliorcetse,
412 4283 543 4334 obsidione
566 4280 718 4343 liberasset,
742 4282 858 4343 apertum
876 4282 916 4325 est
936 4294 950 4326 c
974 4275 1081 4332 Pausan.
1099 4277 1119 4326 Ι.
1138 4275 1162 4325 8.
1177 4274 1194 4323 6
1215 4277 1242 4322 et
1259 4272 1364 4322 maxime

229 4385 247 4424 t·
265 4372 340 4422 ltiou.
362 4371 413 4420 Sic.
437 4370 491 4422 XX.
514 4367 582 4433 100,
600 4367 669 4417 unde
688 4365 812 4431 templum
834 4363 909 4411 etiam
928 4364 1047 4425 diocimus
1065 4364 1092 4411 in
1111 4364 1168 4428 ejus
1188 4365 1306 4423 tauquam
1319 4359 1366 4408 ttsi

228 4468 355 4519 honorem
373 4468 451 4517 fuisse
470 4465 647 4529 aedificatum,
665 4450 868 4528 Πτολεμαεῖον
885 4457 993 4506 dictum·
1008 4455 1113 4510 Eosdem
1133 4454 1197 4512 adeo
1213 4463 1320 4515 paeones
1336 4448 1364 4498 iu

228 4551 406 4608 Pulmone
430 4554 566 4618 accimus,
588 4554 660 4603 testis
681 4553 757 4603 nebia
775 4558 815 4601 est
837 4549 984 4600 Athenaeus
995 4546 1041 4599 XV
1057 4540 1153 4609 p·³-696
1167 4544 1194 4591 F.
1208 4542 1244 4590 Cl.
1259 4539 1364 4614 Geicrus

227 4655 255 4705 p.
276 4636 320 4689 45.
