3300 5600
259 2369 459 2459 oonJeotura
483 2385 641 2434 revocare
666 2363 743 2453 jam
772 2383 845 2432 nou
872 2361 965 2431 lieet.
991 2361 1126 2454 Quare,
1152 2362 1302 2432 lacunae
1331 2365 1376 2433 si·

259 2494 338 2590 gnis
356 2490 495 2582 positis,
527 2485 614 2555 haee
631 2485 747 2580 glossa
768 2485 819 2557 ita
834 2486 1090 2567 .oonsti1uende
1113 2485 1252 2557 videtur
1277 2514 1284 2554 :
1313 2484 1379 2557 κατ’

258 2613 407 2704 ἀρίστην,
436 2600 549 2700 ὀρθήν.
573 2609 704 2698 Δοῦρις.
730 2603 786 2698 τήν
795 2658 883 2676 .....
909 2603 1002 2698 παρὰ
1026 2601 1222 2695 Καλλιμάχῳ
1248 2605 1304 2699 τήν
1323 2605 1378 2695 χοὶ.

258 2735 390 2818 λαζαν.»
1002 2798 1005 2803 ,

308 2858 405 2928 Haeo
425 2857 505 2939 ille,
527 2858 656 2950 quibus
671 2857 868 2928 indicendis
885 2880 926 2928 eo
938 2856 1026 2928 mihi
1038 2860 1121 2929 feeit
1133 2863 1287 2954 gratius,
1309 2885 1378 2955 quo

259 2984 371 3079 magis
400 2982 681 3075 corruptissimus
707 2983 772 3052 ille
792 2979 970 3077 -Hespohii
1001 2983 1100 3054 loeus
1133 3007 1246 3067 meos,
1268 2988 1379 3057 tribus

260 3104 389 3177 abhinc
409 3107 510 3175 anuis
522 3104 666 3177 Duridis
681 3105 865 3201 Reliquias
878 3107 1095 3203 colligentis,
1121 3105 1383 3207 plune'sugerat¹

260 3229 391 3301 oculos.
405 3229 468 3299 ·Te
488 3241 627 3312 autem,
652 3232 706 3300 vir
719 3232 946 3313 amicissime,
971 3234 1027 3303 oui
1039 3230 1132 3303 nihil
1146 3244 1220 3306 tam
1234 3258 1381 3328 pervum

260 3352 371 3426 rideri
393 3356 429 3424 iu
445 3353 500 3424 his
520 3355 634 3424 literis
646 3356 755 3437 solet,
782 3356 879 3449 quod
898 3380 971 3427 nou
989 3356 1115 3451 cupide
1131 3360 1169 3427 in
1187 3358 1382 3436 lucro.esse

210 3491 213 3495 '
262 3477 426 3571 deputes,
463 3477 611 3549 Heokeri
641 3475 829 3551 inventum
863 3479 997 3552 diutius
1027 3482 1140 3551 celare
1160 3484 1282 3565 nolui,
1309 3508 1382 3556 non

262 3602 445 3684 dubitans,
472 3605 561 3697 quin
583 3603 676 3673 illud
694 3606 724 3674 si
745 3627 817 3675 non
839 3608 984 3676 omnino
1007 3608 1153 3700 probes,
1180 3612 1382 3704 cognovisse

263 3738 382 3797 tamen
413 3726 605 3798 admodum
637 3729 799 3824 gaudeus.
835 3728 916 3801 Jam
941 3752 1021 3801 vero
1042 3733 1143 3813 vale,
1171 3754 1313 3827 meque,
1342 3747 1382 3804 ut

263 3873 381 3933 amas,
407 3875 526 3922 amare
549 3876 663 3949 perge.

312 3977 514 4046 scribebam
536 3976 688 4071 Trejeoti
714 3978 759 4048 ad
781 3979 913 4050 Mosam
937 4004 968 4049 e.
989 3980 1021 4049 d.
1046 3980 1077 4050 X
1102 3980 1180 4051 Kal.
1205 3979 1327 4072 Quint.
1350 4008 1380 4051 a.

265 4097 550 4172 MDCCCXLIV.
