3300 5600
763 610 825 674 100

260 782 288 848 sit
300 782 353 848 siro
369 782 467 861 alius,
488 780 531 846 de
544 782 712 848 arboribus
725 795 906 849 narrantem
923 778 1021 867 κριῶν
1043 776 1198 868 πλέδρων
1214 778 1361 844 umbram
1466 862 1470 870 ⁸

258 888 458 968 efficientibus3
480 888 663 954 memorabo
677 889 860 955 Nearchum
884 887 1021 976 (Arrian.
1041 883 1148 950 Indis.
1169 882 1363 971 X1.'l.)‚de

256 993 306 1058 aliis
321 994 525 1074 referentem,
547 980 591 1055 ὦν
616 983 674 1079 τήν
700 985 789 1080 σκιάν
814 990 852 1066 ἐς
878 989 997 1057 πέντε
1022 987 1184 1077 πλέθρα
1205 986 1237 1054 ἐν
1257 979 1361 1071 κέκλῳ

254 1095 442 1178 ἐξικνέεσθαι,
464 1096 519 1162 καλ
540 1089 579 1162 ἂν
599 1093 737 1183 μυρέους
756 1086 824 1161 sind
847 1091 893 1160 ἑνὶ
915 1090 1041 1180 δένδρεϊ
1063 1081 1265 1178 σκιάζεσθαι.
1298 1093 1362 1156 Sed

252 1223 335 1290 neque
362 1202 417 1269 bic
440 1204 669 1282 constiterunt,
704 1203 760 1288 qui
789 1201 936 1266 omnibus
962 1199 1106 1283 impense
1133 1197 1363 1284 exaggerandis

252 1308 295 1372 sibi
310 1308 491 1395 placebant.
525 1310 637 1374 Ficum
658 1308 806 1373 arborem
835 1306 1069 1393 Theophrastus
1088 1316 1243 1369 memorat
1260 1303 1363 1393 (Hier.

252 1413 349 1480 Puer.
367 1416 425 1483 lv.
457 1418 490 1482 4.
520 1413 577 1501 4.)‚
599 1436 700 1500 prope
719 1413 887 1478 Acesinem
909 1423 1124 1488 crescentem,
1147 1430 1245 1495 quem
1269 1433 1363 1477 acce-

250 1532 320 1604 perat
342 1516 408 1584 ἐπὶ
429 1509 503 1584 δδο
529 1509 669 1583 στάδιοι
696 1521 803 1592 ποιεῖν
827 1509 884 1603 τήν
911 1505 1009 1580 σκιάν.
1041 1516 1082 1580 At
1105 1527 1225 1603 quanto
1253 1517 1362 1581 mede-

251 1628 308 1691 stim
333 1626 379 1705 is,
407 1624 463 1711 qui
494 1622 712 1709 Theophrasto
736 1633 849 1687 auctor
878 1622 959 1701 fuit,
992 1645 1089 1710 quam
1116 1625 1171 1709 qui
1198 1621 1363 1709 fingebant

250 1720 400 1818 ἓιιράσθοιι
429 1724 533 1814 πέραν
561 1725 621 1791 τοῦ
647 1715 843 1815 ιΥοιριοίιδος
870 1723 1015 1814 δένδρον,
1046 1727 1160 1793 ποιοῦν
1184 1719 1275 1791 σκιάν
1293 1731 1365 1800 ταῖς

249 1831 447 1922 μεσημβρίαις
472 1821 766 1897 πεντασυάδιον.
806 1829 881 1899 Vid.
908 1832 1013 1899 Strab.
1046 1835 1069 1900 l.
1098 1833 1119 1901 l.
1146 1855 1178 1919 p.
1210 1833 1295 1897 1017
1324 1832 1363 1897 B.

249 1937 340 2003 Altera
357 1937 464 2015 arbor,
485 1935 526 2000 ab
545 1933 728 2001 Aristobulo
740 1937 845 2017 dicta,
866 1938 969 2026 qualis
986 1939 1101 2018 fuerit,
1112 1939 1366 2025 primuslelicis·

251 2043 310 2110 sina
329 2043 532 2129 conjectura,
557 2063 643 2106 nunc
661 2041 827 2110 codicibus
846 2045 922 2108 satis
939 2045 1089 2130 probata,
1112 2045 1232 2111 detexit
1249 2046 1364 2113 Gasau·

251 2147 344 2218 bonus.
379 2148 560 2235 Legebatur
588 2167 596 2211 ι
620 2142 752 2234 δένδρον
781 2139 819 2212 ori
846 2137 1006 2233 μεγάλους
1034 2139 1153 2232 λόβους
1185 2147 1367 2232 λέπισμοτοι

251 2247 377 2342 ιορποάς
394 2249 476 2337 ἔχον.
506 2249 703 2334 Λέπισμοιια
724 2241 869 2339 καρπούς
890 2254 984 2319 inane
1012 2276 1079 2319 esse
1099 2257 1366 2340 interpretamen-

252 2367 319 2440 tum,
340 2371 428 2424 recte
451 2356 530 2421 vidit
548 2358 595 2421 vir
613 2356 833 2444 sagacissimus
854 2380 862 2423 ε
887 2381 959 2424 ηοω
979 2349 1150 2450 άμφίεσμα
1171 2361 1239 2440 vel,
1263 2371 1299 2424 ut
1320 2371 1367 2424 est

252 2463 276 2526 in
302 2465 452 2551 Etymol.
482 2464 530 2529 M.
558 2486 591 2550 p.
622 2465 706 2543 569,
742 2466 802 2543 14,
835 2453 962 2548 άμμεῖον
988 2454 1110 2548 κυάμου
1135 2455 1262 2547 λοβδς.
1299 2467 1367 2532 Nec

252 2571 337 2636 ninus
356 2571 524 2658 praeclare
546 2592 564 2634 e
591 2591 669 2634 soce
690 2557 850 2653 μεγάλους
872 2568 1069 2655 deprompsit
1090 2566 1173 2655 μέγα
1193 2568 1365 2660 (simillima

253 2687 287 2740 est
300 2678 396 2744 dictio
415 2701 467 2763 ap.
492 2677 598 2742 Strab.
618 2675 714 2745 XVII
728 2698 760 2760 p.
786 2677 874 2740 1178
894 2671 944 2762 C),
964 2697 1064 2762 quum
1084 2677 1135 2742 six
1155 2676 1291 2742 dubium
1308 2679 1364 2758 sit,

252 2784 314 2867 quin
327 2773 451 2867 κύαμος
472 2783 504 2851 b.
523 2785 625 2851 1.οοπ
645 2781 823 2870 quamlibet
845 2782 969 2863 labam,
991 2782 1046 2848 sed
1063 2783 1292 2872 Aegyptiacam
1311 2782 1367 2849 de·

252 2887 356 2975 signet,
378 2890 419 2955 de
436 2913 499 2978 qua
516 2902 642 2977 praeter
661 2889 766 2956 Strab.
788 2890 810 2981 l.
832 2891 855 2956 l.
875 2913 907 2975 p.
928 2891 1049 2956 1151A
1067 2902 1167 2977 agunt
1184 2890 1366 2956 Athenaeus

251 2990 288 3059 111
306 3021 335 3082 p.
357 3001 399 3063 72
428 3020 498 3086 sqq.
532 3008 563 3062 et
589 2997 710 3061 Plinius
739 2996 860 3063 XVIII.
885 3000 941 3064 30.
981 2998 1027 3065 cf.
1049 2998 1179 3063 Salmas.
1205 2996 1243 3062 ad
1264 2998 1365 3064 Solin.

252 3116 276 3179 {t-
292 3106 353 3170 687
376 3126 447 3191 sqq.
480 3104 571 3167 Tales
590 3103 623 3165 in
641 3102 732 3166 India
760 3124 859 3189 quum
884 3102 1011 3168 vidisset
1030 3102 1208 3168 Alexander
1230 3104 1264 3167 in
1284 3103 1365 3169 Aee·

249 3204 313 3274 sinis
335 3213 429 3298 ripis,
465 3210 565 3296 magis
596 3209 690 3273 etiam
726 3210 790 3273 Nili
815 3211 943 3274 initium
971 3232 1004 3273 se
1029 3211 1182 3296 reperisse
1213 3210 1365 3295 putabat3

249 3316 323 3395 quod
347 3327 502 3382 testantur
528 3314 641 3380 Strabo
661 3313 716 3380 XV
737 3338 771 3401 p.
803 3317 934 3382 102013
959 3326 990 3380 et
1008 3315 1160 3381 Arrianus
1177 3317 1247 3385 vl.
1274 3319 1304 3384 1.
1333 3319 1365 3383 2.

771 3523 834 3591 XL.

282 3683 443 3751 Plutarch.
464 3682 504 3747 do
520 3682 637 3751 Nobil.
660 3682 745 3750 xlx.
771 3676 922 3757 Ἰνδικοδς
931 3674 1027 3758 κύνας
1036 3682 1143 3771 δῶρον
1151 3680 1368 3772 πεμφθέντας

244 3769 433 3876 Ἀλεξάνδρῳ
461 3787 563 3877 φησὶν
593 3778 918 3877 Ἀριστόβουλος,
945 3780 1031 3875 πρὸς
1055 3784 1114 3872 μέν
1137 3780 1214 3861 τούς
1235 3779 1369 3875 άμρλους

244 3881 376 3980 ταύρους
395 3889 449 3956 καὶ
469 3882 558 3979 ὀρεῖς
578 3883 740 3980 άδμὴτους
761 3888 1063 3978 προβαλλομένους,
1087 3882 1251 3977 άκινὴιους
1272 3914 1369 3955 κατο-

243 3997 381 4075 semem,
404 3986 489 4082 πρδς
510 3992 548 4059 δὲ
567 3986 632 4060 τάν·
645 3992 829 4083 εἰσηγμένον
849 3992 962 4060 λέοντα
983 3983 1225 4082 ἐκδορήσονοοις
1247 3991 1295 4067 εἰς
1305 3984 1369 4076 μά

243 4122 294 4186 χρυ
315 4091 538 4186 άπεῤῥέφθοιι.

281 4203 439 4272 Videntur
458 4202 634 4291 significari
656 4225 765 4286 cenes,
789 4226 869 4290 quos
884 4203 1064 4269 Alexandro
1087 4203 1205 4267 obtulit
1221 4200 1369 4287 Sopitbes

243 4311 286 4376 rel
307 4311 455 4397 Sophites
479 4313 562 4391 Rex,
587 4302 853 4393 cujus'ditionem
876 4310 989 4376 Strabo
1011 4310 1035 4377 l.
1053 4310 1076 4376 l.
1098 4332 1130 4396 p.
1161 4310 1248 4374 1024
1273 4307 1301 4374 A
1327 4308 1369 4373 ab

243 4416 307 4485 iliis
323 4418 368 4480 ait
385 4417 470 4482 inter
486 4417 667 4507 Hydaspem
685 4428 718 4481 et
739 4417 906 4482 Acesinem
928 4417 1098 4496 collocari,
1121 4415 1161 4480 ab
1181 4416 1250 4481 aliis
1274 4435 1367 4494 vero,

243 4544 378 4615 [uorum
397 4535 472 4587 sunt
490 4525 645 4591 Diodorus
667 4535 700 4588 et
720 4523 862 4605 Curtius,
884 4535 970 4588 trans
991 4522 1158 4589 Acesinem
1174 4532 1206 4587 et
1224 4520 1369 4610 Hydrae·

244 4636 294 4698 in.
319 4629 366 4697 (ll.
386 4630 537 4715 llroysen.
556 4634 579 4699 l.
596 4633 620 4699 l.
640 4655 673 4717 p.
695 4632 771 4698 414.
793 4630 850 4695 olle
874 4652 989 4697 canum
1014 4630 1146 4694 illorum
1166 4640 1237 4694 tum
1256 4638 1369 4694 natura
