3300 5600
855 583 898 645 ³4

358 754 471 821 Paucis
499 752 559 816 hac
586 751 627 815 do
655 773 690 815 ro
721 753 856 819 absolvit
882 754 997 820 Strabo
1024 751 1082 824 XV
1111 779 1143 842 p.
1167 760 1255 823 1054
1272 760 1307 828 G.
1324 759 1366 840 I);
1386 758 1433 825 sed

313 861 417 948 ampla
437 857 596 944 inprimis
617 868 664 921 ost
681 857 782 923 Curtii
810 859 983 947 descriptio
1000 862 1056 929 Vl.
1078 863 1110 929 7.
1133 864 1173 928 18
1193 886 1284 951 sqq.‚
1306 886 1435 952 quacum

312 990 389 1054 prae
410 966 479 1030 aliis
503 965 554 1030 cll.
575 985 658 1049 quac
678 963 796 1029 habent
817 965 908 1033 Diod.
930 968 994 1034 stc.
1017 968 1119 1036 XVII.
1141 973 1183 1035 79
1210 992 1282 1059 sqq.
1312 983 1344 1035 et
1368 973 1437 1036 Plu·

312 1073 416 1139 taroh.
439 1070 476 1138 V
475 1074 514 1135 it.
533 1068 628 1134 Ales.
646 1072 779 1139 XLVIII
795 1093 866 1160 sqq.
891 1074 955 1156 Qui
975 1075 1105 1161 quidem
1127 1098 1251 1156 omnes,
1273 1078 1306 1141 in
1324 1100 1436 1141 summa

311 1182 359 1244 rei
372 1178 551 1242 Ptolemaeo
563 1188 595 1240 et
605 1178 664 1241 sibi
677 1177 857 1265 sullragati,
869 1193 1033 1246 versantur
1048 1185 1182 1247 maximo
1193 1185 1225 1247 in
1237 1182 1435 1262 illustrando,

312 1285 400 1373 quod
418 1285 449 1349 h.
467 1284 490 1350 l.
511 1284 620 1348 scribit
636 1284 709 1362 ille,
734 1273 785 1349 ὅτι
808 1275 907 1360 αύτός
930 1276 1080 1362 Φιλοίτας
1101 1279 1275 1352 πεπύσθαι
1297 1285 1356 1368 μὲν
1376 1285 1437 1352 ἐπι

310 1379 430 1476 βουλήν
459 1411 529 1452 τινα
556 1378 763 1474 Ἀλεξιίνιλρῳ
791 1385 1120 1477 παρασκευαζομένην
1147 1387 1285 1478 συνέφη,
1321 1386 1437 1477 ἐξηλέγ-

310 1514 386 1576 χετο
408 1489 445 1556 δὲ
464 1479 716 1577 κατασιωπήσας
731 1480 849 1578 ταύτην
869 1481 955 1575 πρὸς
975 1482 1200 1580 Ἀλέξανδρον.
1224 1493 1319 1576 Quod
1338 1505 1437 1558 autem

310 1620 385 1663 oum
400 1596 458 1659 illo
477 1593 678 1660 Aristobulus
704 1594 903 1659 contendisse
922 1594 1056 1675 dicitur,
1084 1596 1182 1682 ipsius
1202 1601 1348 1665 Philotae
1367 1601 1438 1664 insi-

310 1703 376 1769 dias
400 1700 584 1768 Alexandro
608 1701 704 1765 luisse
722 1701 789 1785 jam
809 1700 949 1788 pridem
970 1705 1152 1767 nuntiatas
1174 1702 1437 1794 (προηγγελμένην

309 1810 393 1874 onim
425 1804 644 1885 retinendum,
675 1827 734 1870 nco
754 1806 942 1872 mutandum
961 1808 994 1870 in
1015 1806 1308 1896 προσηγγελμένην,
1340 1809 1434 1897 quod,

309 1916 452 2004 quamvis
470 1913 663 1992 dubitanter,
684 1914 845 1999 discripsit
857 1913 1059 1999 Ellendtius);
1078 1913 1109 1975 id
1130 1915 1252 2000 accipio
1273 1914 1435 1981 deindicio

306 2023 500 2104 Antigones,
520 2041 604 2106 quae
617 2019 759 2084 Philotae
772 2022 892 2098 amica,
913 2019 1073 2107 quidqriid
1089 2021 1115 2082 is
1126 2020 1210 2084 inter
1228 2024 1345 2107 pocula
1361 2023 1434 2109 Regi

306 2127 531 2204 maledixerat,
549 2126 737 2190 denuntiare
753 2125 932 2192 Alexandro
949 2126 1082 2191 solebat.
1110 2114 1195 2194 ‘Odd
1209 2117 1429 2214 Ἀλέξανδρος,

306 2234 396 2300 addit
417 2232 625 2311 Plutarchus,
650 2230 768 2318 καίπερ
791 2229 953 2319 καρτερᾶς
975 2227 1140 2308 ἐκδείξειας
1155 2220 1236 2293 καιοί
1252 2229 1314 2295 τοῦ
1338 2217 1431 2296 Φιλτί-

305 2361 366 2405 του
385 2327 659 2425 προσπεσούσης,
682 2330 876 2421 ἐκαρτέρησε
890 2332 1000 2420 σιωπῇ
1009 2329 1069 2417 ,καί
1085 2329 1341 2414 κατέσχεν,,ελ’τε
1357 2331 1430 2418 dod

308 2441 375 2528 ρων
404 2440 446 2526 τῇ
482 2438 717 2526 Παρμενίωνος
753 2427 862 2521 adrolo
890 2427 976 2522 πρὸς
1002 2427 1112 2517 odada,
1142 2434 1208 2499 εἴτε
1240 2427 1358 2510 δεδιώς
1385 2424 1429 2522 την

307 2533 406 2622 δόξαν
431 2532 537 2606 αύτιῦν
561 2537 616 2606 καί
642 2530 699 2629 την
727 2529 869 2623 δύναμιν.
899 2540 956 2608 eff.
986 2562 1070 2627 quas
1099 2540 1252 2628 leguntur
1283 2539 1377 2609 Orat.
1397 2536 1428 2602 ds

308 2646 406 2713 Alex.
427 2647 470 2713 II.
495 2649 527 2714 7.

839 2861 912 2928 XII.

350 3055 474 3121 Arrian.
497 3053 557 3120 111.
581 3054 635 3119 29.
659 3056 680 3118 6
705 3088 745 3100 --
768 3056 823 3120 30.
849 3058 881 3120 5.
904 3041 1061 3137 Περάσας
1087 3041 1144 3114 τόν
1167 3036 1260 3129 Ὦξον
1292 3037 1451 3131 ποταμύν

306 3151 539 3245 (Ἀλέξανδρος)
571 3146 628 3245 ἦγε
658 3150 739 3221 noro?
771 3148 926 3245 σπουδην,
962 3152 1015 3220 ἵνα
1048 3155 1175 3243 Βῆσσον
1207 3145 1287 3220 εἶναι
1319 3146 1374 3234 ξύν
1396 3137 1465 3237 τῇ

307 3252 440 3342 ιλυνύμει
467 3252 675 3326 ἐπυνθάνετο.
703 3258 767 3325 Καὶ
795 3251 952 3341 ἐντούτῳ
976 3250 1183 3345 ιίφικνοῦνται
1203 3252 1297 3344 παροί
1318 3263 1476 3323 Boreo!

305 3359 422 3448 μένοις
448 3362 502 3427 καί
529 3362 743 3453 Δαταφέρνου
771 3354 857 3449 πρὸς
882 3352 978 3427 odada
1005 3353 1222 3447 οἷγγέλλοντες,
1246 3354 1296 3426 ὅτι
1318 3366 1476 3456 Enoc:

305 3465 401 3555 μένης
422 3466 484 3531 καί.
496 3463 724 3555 Δαταφέρνης,
749 3464 779 3531 εί
799 3464 975 3554 πεμφθείη
994 3458 1104 3539 αύτοῖς
1121 3463 1174 3528 καί
1193 3455 1283 3550 ὀλίγη
1303 3466 1476 3547 στρατίι)1

305 3570 358 3636 καὶ
379 3561 505 3658 ἡγεμιύν
526 3570 566 3656 τῇ
588 3569 737 3656 στρατιᾷ,
760 3559 979 3657 ξυλλήψονται
1000 3568 1128 3656 Βῆσσον
1146 3564 1200 3655 καὶ
1221 3556 1476 3653 παραδοίσουκ

307 3695 356 3740 σιν
376 3665 591 3761 Ἀλεξάνδρῳ·
617 3670 688 3737 ἐπεὶ
708 3670 762 3736 καὶ
790 3672 844 3737 νῦν
876 3668 1008 3756 α’νλέσμῳ
1044 3670 1174 3759 φυλακῇ
1203 3660 1476 3758 φυλάσσεσθαῇ

305 3769 391 3864 πρὸς
412 3767 517 3841 αύτιύν
537 3775 675 3863 Βῆσσον.
707 3775 817 3840 Ταῦτα
839 3767 884 3849 ὠς
905 3766 1040 3862 ἤκουσεν
1083 3764 1316 3859 Ἀλέξανδρος,
1340 3762 1476 3843 aiod(

304 3878 362 3963 μέν
383 3867 554 3944 ἀναπαύων
575 3868 632 3966 ἦγε
652 3872 709 3964 την
728 3870 881 3966 στρατιιίν
895 3876 1104 3964 σχολαίτερον
1119 3868 1140 3964 ἢ
1155 3864 1322 3963 πρόσθεν·
1340 3880 1432 3941 Πτο-

304 3984 479 4065 λεμαῖον
501 3979 538 4046 δέ
559 3975 622 4046 τὸν
642 3971 779 4065 Λύγου
802 3973 995 4047 ἀποστέλλει
1016 3980 1080 4043 των
1100 4000 1137 4042 τε
1158 3975 1294 4066 έταίρων
1312 3975 1433 4068 ίππαρ·

304 4085 378 4171 χίας
398 4090 487 4174 τρεῖς
514 4077 631 4170 ι’ίγοντα
652 4082 706 4149 καὶ
727 4077 804 4160 τούς
831 4076 1084 4157 ίππακοντιστολς
1106 4072 1306 4167 ξύμπαντας,
1329 4080 1433 4160 πεζῶν

305 4187 342 4255 (λέ
364 4180 419 4278 τήν
438 4212 475 4254 τε
499 4179 631 4255 Φιλώτα
650 4181 740 4269 τοίξιν
761 4186 815 4254 καί
836 4188 900 4253 τῶν
921 4179 1137 4252 ὑπασπιστῶν
1157 4184 1340 4273 χιλιαρχίαν
1361 4182 1433 4266 μίαν
1453 4251 1461 4259 κ

304 4291 358 4357 καί
383 4284 460 4367 τούς
492 4284 659 4380 Ἀγριᾶνας
688 4283 812 4366 πύκτας
840 4289 894 4355 καί
920 4291 994 4376 τῶν,
1014 4290 1156 4369 τοξοτῶν
1180 4281 1257 4363 τούς
1284 4281 1432 4376 ἡμίσεας,

305 4396 435 4482 σπουδῇ
456 4387 595 4461 ἐλαύνειν
616 4386 770 4469 κελεύσας
791 4384 837 4468 ιύς
859 4392 1059 4483 Σπιταμένην
1080 4416 1117 4458 τε
1138 4390 1192 4456 καί
1213 4389 1433 4480 Δαταφέρνην.

268 4535 271 4541 ·
304 4495 370 4565 Καὶ
398 4490 651 4581 Πτολεμαῖος
679 4492 732 4585 ᾔει
758 4491 803 4572 ως
825 4493 987 4579 ἐτέτακτο,
1009 4496 1064 4561 καί
1086 4486 1227 4562 διελθών
1248 4491 1280 4559 ἐν
1300 4486 1433 4582 ἡμέραις

303 4598 461 4690 τέσσαρσι
482 4595 652 4687 σταθμούς
674 4600 752 4671 δέκα
772 4590 955 4691 νίφικνεῖται
976 4598 1010 4677 ές
1030 4591 1067 4667 τύ
1090 4587 1321 4686 στρατόπεδον,
1339 4587 1379 4665 οὗ
1394 4592 1434 4681 τῇ
