3300 5600
794 597 856 659 154

265 791 353 848 rum,
374 767 526 856 Furrdgr.
543 767 573 832 d.
585 769 726 833 Oriente
742 771 827 838 V1.3
840 792 870 855 p.
884 772 969 849 339,
988 781 1019 834 ut
1038 768 1246 848 Bocharturn,
1266 769 1358 858 Garga

263 898 348 940 eurr.
366 877 407 942 tt.
429 878 470 939 14
491 897 523 961 p.
543 877 620 942 752.
771 874 774 881 '

683 1079 686 1085 .
791 1019 861 1086 vn.
1396 956 1404 1195 ρ

722 1211 740 1256 r
761 1210 879 1259 urano
901 1212 926 1257 τ.
1363 1188 1366 1196 “
1400 1204 1404 1329 ρ

307 1330 423 1398 Athen.
452 1333 514 1398 ΧΠ
541 1355 573 1419 p.
600 1334 664 1398 514
687 1332 723 1400 Ε.
757 1320 900 1420 Χάρης
924 1322 945 1397 0‘
970 1329 1252 1418 Μυτιληναῖος
1277 1327 1310 1396 ἐν
1329 1330 1361 1415 τῇ
1402 1346 1404 1353 ·

263 1433 423 1523 πέμπτῃ
449 1436 523 1520 τῶν
548 1433 641 1525 περὶ
668 1427 914 1522 Ἀλέξανδρον
938 1427 1147 1523 Ἰστοριῶν·
1179 1430 1256 1508 «Εἰς
1274 1431 1362 1510 τοῦτο,

264 1536 372 1625 φησὶν,
398 1529 473 1627 ἧκον
497 1539 627 1627 τρυφῆς
654 1536 687 1605 οἱ
710 1537 775 1603 τῶν
794 1536 935 1626 Περσῶν
955 1537 1116 1619 βασιλεῖς,
1146 1529 1231 1602 ὥστε
1253 1531 1363 1621 ἔχεσθαι

262 1641 319 1730 τῆς
338 1640 506 1729 βασιλικῆς
526 1640 631 1730 κλίνης
650 1632 737 1731 άπὲρ
759 1640 903 1731 κεφαλῆς
930 1630 1048 1729 οἲκημά
1067 1665 1099 1706 τι
1120 1630 1321 1720 πεντάκλινον,
1341 1633 1363 1701 ἐν
1402 1648 1404 1653 ’

263 1734 291 1828 ᾦ
306 1743 443 1832 χρυσίου
460 1743 701 1830 πεντακισχίλια
717 1739 773 1812 διά
789 1738 911 1819 παντός
925 1738 1027 1810 ἔκειτο
1041 1732 1201 1809 τάλαντα·
1222 1741 1275 1809 καλ
1288 1739 1362 1808 τοῦτο

261 1844 402 1912 ἐκαλεῖτο
430 1837 697 1937 προσκεφάλαιον
727 1838 919 1931 βασιλικόν·
946 1845 1000 1912 καί
1026 1839 1114 1936 πρὸς
1139 1847 1253 1913 ποσῶν
1278 1845 1363 1932 ἕτερον
1399 1870 1404 1931 ⁴.

262 1953 379 2038 οίκημα
404 1949 568 2040 τρίκλινον,
596 1943 637 2018 οὗ
661 1942 800 2018 τάλαντα
824 1949 987 2040 τρισχίλια
1012 1944 1114 2017 ἔκειτο
1142 1940 1308 2040 άργυρίου,
1326 1943 1364 2010 καὶ

261 2044 523 2143 προσηγορεύετο
544 2047 711 2137 βασιλικόν
731 2045 924 2121 ὑποπόδιον.
948 2042 1006 2121 Ἠν
1027 2047 1056 2120 δ’
1078 2051 1175 2139 ἓντῷ
1193 2053 1313 2120 κοιτῶνι
1326 2045 1364 2113 καί

261 2148 492 2246 λιθοκόλλητος
514 2149 659 2240 άμπελος
679 2159 784 2248 χρυσῆ
804 2149 888 2246 ὑπὲρ
910 2158 968 2246 τῆς
989 2155 1125 2246 κλίνης.»
1402 2232 1404 2245 Ι

304 2261 350 2324 De
379 2262 438 2327 hau
458 2284 555 2328 aurea
575 2264 638 2328 rite
660 2265 878 2352 gemmeiaque
898 2266 967 2339 uria
992 2259 1362 2350 Schweighaeuserusjan

260 2369 415 2449 conferri,
445 2390 527 2455 quae
554 2370 658 2434 statim
681 2382 750 2457 post
770 2393 787 2434 e
807 2370 975 2452 Σταθμοῖς
994 2370 1149 2457 Amyntae
1166 2370 1275 2453 jussit,
1297 2364 1362 2430 etin

259 2474 369 2557 primis
396 2495 477 2561 quae
509 2499 541 2561 p.
571 2478 636 2540 539
665 2476 734 2539 De
760 2476 931 2563 Phylarchi
950 2467 1120 2561 Ἱστορίαις
1135 2475 1311 2542 Athenaeus
1327 2492 1364 2535 er·

260 2579 396 2664 cerpsit,
420 2580 494 2645 coll.
513 2581 652 2646 Brisson.
671 2581 779 2670 Bagra.
805 2582 902 2646 Pers,
926 2583 952 2648 t.
975 2583 1029 2648 77.

783 2793 870 2860 Vttl.

302 2965 464 3032 Plutarch.
485 2964 522 3031 V
521 2970 560 3031 it.
574 2966 672 3033 Αίου.
684 2967 796 3037 xtvt.
820 2960 974 3034 Ἐνταῦθα
986 2958 1074 3055 πρός
1090 2960 1190 3033 αὐτόν
1206 2959 1365 3058 ἀφικέσθαι

256 3060 312 3155 τήν
334 3059 492 3153 Ἀμαζόνα
514 3069 546 3137 οἱ
567 3069 688 3137 πολλοὶ
708 3070 862 3158 λέγουσιν,
886 3061 930 3136 ὦν
950 3068 1003 3135 καί
1025 3061 1228 3160 Κλείταρχός
1247 3057 1366 3137 ἐστικαὶ

256 3162 457 3261 Πολύκριτος
469 3194 521 3223 -·
537 3165 791 3263 Ἀριστόβουλος
812 3173 919 3240 δὲκαὶ
934 3164 1070 3264 Χάρης
1090 3169 1108 3241 ὁ
1126 3173 1172 3242 Εἰ
1178 3160 1367 3262 σαμφελεάί

256 3274 310 3339 καὶ
332 3276 538 3361 Πτολεμαῖος
554 3268 751 3364 -πλάσμα
772 3277 859 3366 φασί
880 3276 1040 3365 γεγονέναι
1059 3278 1167 3344 τοῦτο.
1208 3270 1212 3276 ’

256 3371 261 3381 ’
300 3382 375 3445 Post
401 3403 543 3469 eaquae
575 3383 661 3449 dicta
691 3396 766 3449 sunt
793 3384 833 3449 ad
862 3383 992 3452 Darid.
1017 3383 1106 3451 Bell.
1126 3406 1159 3470 p.
1181 3387 1225 3450 89
1246 3375 1367 3472 sq.ridt
1399 3385 1402 3400 '

257 3508 339 3571 quae
369 3510 463 3574 supra
493 3492 639 3555 annotavi
665 3513 697 3577 p.
724 3494 776 3557 11.
801 3492 953 3556 Refertur
971 3490 1101 3556 historia
1118 3513 1135 3555 a
1152 3490 1322 3556 Plutarcho
1337 3481 1365 3551 ad

257 3604 417 3679 tempora,
444 3596 607 3662 victoriam
635 3596 674 3660 de
702 3597 827 3684 Scythis
857 3599 1000 3683 proxime
1018 3599 1180 3675 insecuta,
1205 3599 1227 3663 i.
1248 3620 1275 3663 e.
1294 3595 1328 3661 ad
1345 3615 1367 3656 a.

256 3702 322 3764 329
345 3713 522 3766 exeuntem.
546 3703 590 3769 cf.
614 3703 706 3771 Diod.
727 3704 790 3770 sic.
814 3704 913 3770 XVII.
936 3706 992 3772 ¹⁷7.
1121 3739 1123 3743 ⁴
1286 3704 1290 3712 ’

783 3916 840 3981 ΙΧ.

299 4085 414 4152 Athen.
438 4088 467 4151 X
490 4110 522 4174 p.
547 4091 612 4153 434
635 4089 673 4155 D.
702 4078 963 4177 Καλλισθένηςὸ
980 4081 1154 4178 σοφιστῆς,
1173 4080 1220 4164 τίς
1237 4082 1376 4175 Λυγκειλς

256 4182 274 4253 ὁ
297 4180 420 4274 Σάμιός
441 4211 541 4281 φησιν
562 4190 595 4260 ἐν
615 4195 685 4267 τοῖς
705 4181 1025 4280 Ἀπομνημονεύμασι
1051 4191 1105 4258 καλ
1125 4181 1378 4281 Ἀριστόβουλος

253 4292 308 4357 καλ
328 4284 463 4384 Χάρης
484 4294 521 4361 ἐν
542 4302 623 4371 ταῖς
643 4291 866 4385 Ἱστορίαις,
890 4293 923 4361 ἐν
940 4297 989 4381 τῷ
1005 4294 1178 4381 συμποσίῳ
1193 4295 1255 4363 τοῦ
1269 4288 1379 4376 Ἀλεξ-

254 4385 387 4483 άνδρου,
419 4398 478 4486 τῆς
509 4399 568 4466 τοῦ
599 4390 740 4488 άκράτου
770 4391 897 4475 κύλικος
928 4396 976 4474 είς
1002 4391 1099 4465 ου’τὸν
1127 4390 1309 4487 ἐλθούσης,
1340 4390 1391 4475 ὦς’

255 4499 423 4581 διωθεῖτο,
450 4490 599 4577 εἰπόντος
618 4495 705 4578 τινος
726 4496 815 4587 αὐτῷ
826 4525 834 4541 ·
867 4496 952 4569 «Ara
971 4500 1005 4568 τί
1026 4494 1066 4568 οὐ
1086 4499 1227 4587 πίνειςμ»
1261 4495 1383 4571 «Οὐδὲν

254 4600 384 4683 δέομαι,
409 4598 490 4691 ἔφη,
514 4596 731 4694 Ἀλεξάνδρου
753 4598 847 4687 πιών,
868 4606 927 4672 τοῦ
948 4597 1150 4693 Ἀσκληπιοῦ
1171 4607 1338 4673 δεῖσθαι.»
