3300 5600
782 606 822 668 ts

228 786 416 850 firmaverat
444 781 503 844 sibi
538 777 766 844 validissimum
797 778 935 864 Aegypti
963 798 1117 864 regnum,
1151 783 1256 866 potuit
1280 797 1370 851 certe

226 893 334 956 libera
351 889 401 952 uti
416 885 544 952 dicendi
557 885 728 965 facultate,
744 905 808 947 non
824 905 863 947 eo
880 881 1134 950 adversariorum
1152 899 1240 954 metu
1257 888 1370 955 odiose

227 996 386 1072 adactus,
411 993 461 1057 rel
478 992 583 1057 studio
603 991 838 1077 potentioribus
858 989 1044 1055 blandiendi
1061 994 1239 1078 pellectus,
1259 1009 1295 1061 ut
1313 995 1370 1063 ad·

229 1102 379 1167 versariis
397 1097 567 1164 scribendo
587 1099 801 1176 obtrectaret,
825 1098 1001 1161 amicorum
1018 1098 1129 1175 laudes
1148 1101 1291 1187 impense
1307 1127 1369 1170 eu-

229 1219 334 1297 geret.
366 1200 454 1289 Quid
475 1207 570 1275 etiam
589 1216 657 1269 turn
674 1205 892 1291 potissimum,
916 1226 1018 1290 quum
1036 1204 1121 1272 lecta
1137 1208 1279 1273 virorum
1295 1191 1371 1274 eru-

228 1315 465 1380 ditissimorum
501 1332 620 1376 corona
656 1313 781 1376 cinctus
819 1311 1030 1396 tranquillum
1064 1315 1235 1378 senectutis
1269 1317 1370 1380 otium

229 1421 332 1485 literis
359 1417 550 1482 exhilararet
568 1416 613 1504 ¹),
645 1415 797 1481 invidiam
816 1419 958 1482 animum
980 1417 1049 1501 ejus
1066 1441 1237 1505 occupasse
1257 1421 1371 1486 creda·

230 1548 324 1605 mus,
350 1545 449 1610 quem
469 1535 601 1609 propter
621 1514 662 1587 sd
682 1518 821 1594 ἐπιεικὲς
837 1519 891 1585 eorl
907 1511 1159 1611 walciodorense,
1183 1547 1370 1612 generosam

233 1633 362 1697 omnino
379 1629 522 1695 indolem
531 1628 576 1716 ²),
598 1627 679 1695 adeo
697 1629 870 1694 dilexerint
882 1650 1008 1709 omnes,
1026 1643 1081 1712 ut,
1101 1633 1182 1718 Regi
1199 1653 1239 1695 an
1261 1654 1371 1718 popu-

236 1737 352 1802 laribus
373 1735 480 1800 carior
499 1746 596 1815 esset,
615 1735 682 1819 {am
700 1737 772 1800 siro
790 1737 972 1801 Alexandro
988 1750 1093 1822 posset
1112 1737 1252 1801 dubitari
1271 1736 1311 1824 ⁸).
1343 1769 1347 1775 ·

275 1844 323 1908 Ita
349 1842 376 1906 si
401 1840 528 1907 Arriani
551 1841 713 1924 judicium
741 1843 1011 1927 interpretamur,
1043 1843 1131 1909 hand
1151 1845 1197 1908 ita
1218 1843 1371 1910 absurdas

230 1950 370 2015 rationes
385 1946 562 2013 reddidisse
577 1948 742 2027 videatur,
761 1970 821 2013 cur
837 1950 1021 2015 Ptolemaeo
1037 1961 1161 2017 mutum
1174 1950 1371 2027 credendum

260 2253 288 2321 1)
307 2253 413 2315 tubera
429 2252 497 2305 enim
515 2251 639 2303 assentior
656 2253 747 2303 Ceiero
759 2271 785 2319 p.
802 2252 836 2320 75
847 2269 854 2303 ε
867 2253 992 2304 ellullorn
1006 2255 1132 2321 temporis
1141 2255 1249 2321 spatium
1259 2256 1373 2327 reperies

227 2341 259 2392 ad
282 2339 336 2393 tate
363 2357 427 2406 opus
455 2341 661 2406 componendum
686 2343 766 2405 magis
791 2340 951 2390 commodum
968 2346 1046 2404 atque
1066 2340 1203 2406 idoneum,
1230 2358 1306 2405 quam
1326 2361 1370 2409 po-

228 2432 336 2476 stremos
346 2414 406 2477 ¹eins
422 2412 495 2489 regni
511 2442 605 2492 annos,
624 2427 733 2490 quibus,
751 2426 784 2476 ab
800 2427 912 2475 externis
923 2426 1040 2475 hostibus
1058 2428 1118 2475 satis
1138 2416 1301 2490 tutus,'tnm
1319 2429 1371 2479 otio

228 2513 369 2585 fruebatur¹
384 2512 445 2562 satis
465 2502 555 2575 largo,
574 2510 635 2561 tum·
654 2502 768 2563 altorum
789 2513 991 2562 doctissimorum
1015 2511 1103 2562 intima
1123 2514 1250 2577 gaudebat
1265 2530 1373 2564 consue·

228 2600 318 2650 udins
332 2614 365 2650 ae
379 2600 561 2649 familiaritate.
579 2600 731 2664 Inter-quos
745 2600 896 2648 excelluisse
907 2582 1000 2648 seimus
1009 2601 1164 2649 Demetrium
1175 2601 1371 2664 Phalerensem,

230 2689 303 2739 cuius
331 2687 381 2737 siri
400 2686 557 2737 familiaritas
576 2687 617 2735 vix
635 2692 720 2751 potest
732 2682 871 2749 dubitari,
891 2687 955 2750 quin
974 2687 1051 2737 etiam
1072 2688 1105 2745 ad
1122 2688 1261 2750 Ptolemaei
1277 2688 1370 2753 librum

230 2773 445 2826 conscribendum
463 2774 549 2837 magni
562 2774 687 2834 momenti
704 2773 814 2825 fuerit.»
835 2772 954 2836 Confugit
971 2777 1055 2822 eutem
1075 2773 1217 2822 Demetrius
1237 2775 1265 2823 in
1277 2775 1373 2846 'Aegy-

231 2866 300 2926 ptum
317 2841 356 2913 sd
367 2861 540 2909 Ptolemaeum
561 2843 708 2925 paulopost
725 2861 820 2908 exitum
837 2859 981 2923 Cassandri,
994 2851 1126 2908 mortui'a.
1140 2858 1199 2908 296.
1225 2859 1278 2924 Qua
1297 2861 1373 2910 dere

230 2946 349 2997 dixerunt
363 2945 517 3009 Wesseling.
533 2946 565 2995 ad
580 2946 652 2997 Diod.
666 2947 716 2995 Sic.
737 2945 790 2995 XX.
813 2943 864 3008 46,
884 2946 1009 2997 Valcken.
1028 2947 1117 2994 Diotr.
1137 2945 1168 2993 ds
1178 2945 1292 2995 Arestob.
1308 2946 1371 2999 Jud.

232 3049 254 3098 p.
270 3032 306 3083 52
323 3049 362 3097 sq.
378 3037 406 3082 et
419 3035 534 3096 Droysen
556 3033 647 3082 Gcscls.
666 3032 692 3081 d.
710 3031 807 3088 Noctes.
826 3032 902 3079 Alsa.
922 3047 948 3095 p.
963 3029 1022 3080 631.
1042 3032 1078 3080 Cf.
1097 3033 1203 3080 Celeres
1221 3049 1246 3097 p.
1266 3029 1309 3081 64.

262 3126 290 3192 2)
309 3128 428 3176 leantur
444 3126 515 3175 ltiod.
531 3125 580 3175 Sic.
598 3126 690 3175 svnt.
711 3123 743 3179 14
761 3144 767 3174 :
787 3117 977 3194 Πτολεμαῖος
999 3151 1039 3165 -
1062 3119 1124 3191 τοῖς
1147 3114 1305 3198 ἐγχωρίοις
1322 3138 1372 3200 φι-

232 3205 424 3298 bassalum
445 3207 664 3297 προσεφέρετο·
678 3252 718 3264 -
733 3212 889 3298 συνέτρεχε
912 3214 947 3279 δὲ
968 3215 1017 3280 καὶ
1040 3215 1135 3301 φίλων
1151 3212 1277 3303 ’πλῆθος
1295 3216 1373 3305 πρός

233 3313 323 3382 αὐτόν
345 3311 398 3380 σοὶ
418 3312 474 3400 τήν
496 3314 655 3381 terestrem.
678 3330 709 3379 as
729 3331 822 3381 aterum
845 3332 912 3386 xlx.
934 3332 984 3398 se,
1008 3305 1332 3387 0011.xv11.1os='³Hv
1353 3330 1375 3386 c

234 3416 381 3503 δυνάστης
407 3410 495 3496 οὗτος
520 3416 594 3483 καθ’
618 3414 786 3505 ὑπερβολήν
815 3416 942 3504 ἐπιεικής
968 3421 1018 3484 καὶ
1047 3421 1299 3507 συγγνωμονικός,
1327 3421 1372 3490 ἔτι

234 3520 257 3585 δ’
281 3518 474 3608 εὐεργετικός.
498 3518 589 3609 Ὅπερ
617 3524 666 3586 καὶ
692 3518 823 3605 μάλιστα
852 3520 944 3588 αὐτον
972 3518 1083 3609 ηὔξησε
1112 3553 1145 3591 τε
1171 3528 1220 3591 καὶ
1247 3525 1373 3605 πολλοὺς

232 3621 365 3713 ἐποίησεν
395 3626 557 3709 ἐπιθυμεῖν
585 3629 762 3712 κοινωνῆσαι
788 3629 844 3712 τῆς
874 3629 980 3712 φιλίας.
1013 3641 1110 3706 Quibus
1132 3643 1235 3705 egregie
1258 3643 1372 3692 concinit

232 3731 301 3782 locus
325 3733 427 3783 Aeliani
458 3736 484 3783 V.
511 3736 546 3785 H.
570 3734 635 3787 Xlll.
657 3734 705 3799 13,
733 3750 808 3797 quem
823 3736 901 3800 paulo
919 3734 1079 3784 enucleatius
1096 3735 1166 3797 legas
1182 3750 1222 3798 ap.
1239 3733 1371 3784 Plutarch.

232 3820 357 3886 Apoplttla
387 3822 453 3887 Iteg.
482 3820 532 3883 (ed.
555 3820 661 3885 Hutten)
687 3822 748 3871 Vlll
770 3838 795 3886 p.
821 3820 880 3873 105.
908 3822 1023 3884 Denique
1047 3821 1078 3868 de
1100 3820 1249 3871 Ptolemaeo
1270 3819 1372 3870 Curtius

233 3903 271 3958 [Χ.
284 3906 312 3956 8.
327 3903 362 3953 23
380 3923 387 3954 :
409 3907 518 3971 aldem,
538 3908 588 3972 eit,
606 3908 720 3973 corporis
745 3912 831 3957 custos
850 3908 1102 3974 promptissimusque
1120 3905 1239 3968 bellator,
1258 3911 1284 3953 et
1302 3908 1372 3970 pacis

231 3992 327 4041 artibus
354 4007 429 4054 quam
451 3994 558 4041 militiae
577 3996 659 4058 major
680 3999 707 4044 et
730 3995 832 4059 clarior,
855 3996 955 4044 modico
971 3994 1092 4058 civilique
1112 3993 1199 4058 cultu,
1215 3992 1328 4043 liberalis
1344 3994 1371 4042 in
1458 3987 1461 3992 ¹

231 4077 316 4143 primis
331 4077 455 4144 adituque
469 4080 557 4145 facili,
576 4080 641 4130 nihil
660 4098 690 4129 ex
706 4083 773 4130 fastu
791 4082 861 4146 regio
879 4085 1080 4145 assumpserat.»

262 4158 289 4227 3)
308 4165 410 4213 Curtius
432 4166 451 4215 1.
477 4166 495 4216 L
522 4164 571 4231 21,
596 4168 690 4232 quibus
714 4168 824 4231 graviter
851 4172 949 4233 pugnat
975 4163 1148 4216 testimouium
1166 4163 1266 4213 Aeliani
1288 4166 1314 4215 V.
1335 4167 1370 4218 Η.

229 4256 286 4307 x11.
314 4256 364 4322 16,
388 4258 480 4307 merito
502 4266 616 4324 spretum
636 4278 650 4310 a
670 4263 760 4312 Geiero
779 4280 804 4329 p.
824 4262 859 4313 17
882 4282 919 4329 sq.
938 4281 944 4311 :
963 4245 1157 4335 Ἀλέξανδρος
1178 4247 1384 4329 Πτολεμαίου,

229 4349 274 4437 τῷ
296 4349 385 4436 δεξιῷ
405 4342 539 4433 ἤχθετο,
564 4362 632 4426 sire,
657 4367 688 4411 ut
723 4368 762 4413 est
783 4366 850 4416 xlv.
882 4363 930 4430 48,
954 4348 992 4415 sd
1014 4348 1109 4425 δεξιὰν
1129 4346 1284 4435 ὑφωρᾶτο.
1310 4365 1371 4415 veri

229 4460 330 4519 umen,
346 4457 376 4502 nt
388 4455 434 4518 fit,
449 4456 547 4520 aliquid
563 4456 590 4504 in
605 4454 654 4505 bac
671 4458 815 4508 narratione
831 4459 915 4509 inesse
932 4463 959 4508 et
974 4459 1110 4524 prudentia
1128 4458 1293 4522 sollertiaque
1310 4457 1371 4506 Pto-

227 4540 357 4591 lemaeum
374 4541 539 4605 excelluisse,
560 4542 614 4607 ipsa
639 4542 696 4605 ejus
714 4543 766 4593 vita
785 4544 919 4596 luculente
944 4546 1044 4610 arguit,
1062 4550 1090 4596 et
1108 4544 1258 4609 confirmat,
1270 4544 1292 4593 ei
1306 4557 1371 4609 opus

229 4632 284 4694 est,
301 4627 452 4677 Theocritus
469 4628 547 4692 raytt
567 4629 647 4677 svn.
666 4626 700 4677 ts
718 4645 773 4693 sqq.
