3300 5600
807 599 848 664 te

268 779 364 844 litatis
381 777 449 856 vel,
467 776 494 840 si
508 776 624 853 maris,
645 774 879 860 superstitionis
889 796 953 841 uon
969 774 1191 854 Aristobulut‚
1208 773 1263 841 ted
1278 795 1347 842 auru

269 907 334 973 quo
353 883 431 969 rixit
457 880 667 947 incusandum
694 876 786 967 uit¹);
805 881 839 944 iu
866 879 1008 964 ejusdem
1033 901 1115 947 roro*
1134 883 1227 947 uitiis:
1240 896 1347 969 repono

267 992 373 1076 potius
388 998 629 1076 praeposterum
647 985 808 1073 quoddam
823 986 997 1052 Alexandri
1014 987 1172 1068 studium,
1190 976 1256 1076 qno
1273 991 1347 1056 lautu

266 1107 305 1162 ut
323 1117 388 1160 uon
406 1115 530 1180 semper
552 1115 625 1157 eum
647 1114 682 1156 se
703 1092 905 1178 probaverit,
926 1094 984 1180 qui
1007 1115 1057 1158 ret
1078 1095 1166 1161 illius
1193 1106 1296 1181 geslus
1318 1096 1347 1159 sit

266 1202 395 1289 pliciter
405 1187 604 1286 candideque
621 1210 803 1284 exponeret.
829 1200 991 1267 Pertinent
1006 1198 1193 1267 buoeadem
1204 1222 1347 1289 quaestu

267 1306 307 1371 do
320 1307 509 1373 vPtolemaeo
535 1305 771 1372 observavimus
799 1326 807 1369 z
838 1307 977 1377 narratio
999 1305 1042 1371 de
1068 1306 1347 1388 eorvis,·Atonnd

266 1413 350 1479 rium
370 1412 618 1479 monstrantibus
636 1406 677 1476 ad
696 1413 863 1477 oraoulum
879 1411 1042 1478 Ammonis
1050 1411 1090 1501 2);
1115 1413 1157 1478 do
1182 1405 1347 1480 Gallistbon

265 1519 492 1605 conjurationis
522 1521 557 1582 in
586 1517 801 1584 Alexandrum
827 1516 1005 1606 suasore³);
1033 1521 1173 1606 pertinet
1199 1520 1346 1584 etiamll

267 1625 385 1691 xandro
405 1625 567 1711 adscripta
591 1624 819 1711 temperantiae
840 1623 988 1712 v'irtnsl),
1014 1618 1113 1713 quarn
1130 1634 1257 1711 praeter
1274 1626 1347 1691 Arist

265 1733 379 1799 bulum
396 1754 490 1797 nemo
505 1732 638 1798 fortasse
647 1731 696 1796 illi
713 1730 922 1797 vindicaverit
933 1729 972 1818 ⁸).
996 1732 1103 1820 Atque
1118 1730 1198 1797 bueo
1215 1731 1347 1797 adulare

265 1838 393 1904 dicendi
413 1839 494 1904 ratio
518 1837 605 1903 baud
623 1837 689 1903 soio
707 1836 861 1924 ‘equidem
881 1859 922 1903 au
942 1838 1036 1931 unius
1054 1837 1227 1904 Alexandri
1244 1838 1347 1904 laudib

263 1943 483 2031 praedicandis
511 1946 595 2010 euim
623 1955 771 2010 contenta
793 1944 901 2012 fuerit.
926 1945 967 2010 Ut
989 1944 1069 2032 quid
1089 1945 1221 2009 sentiam
1242 1946 1347 2033 eloqui

263 2049 390 2116 ridetur
406 2051 534 2116 omnino
552 2043 610 2138 per
628 2063 730 2117 totum
748 2050 925 2117 Aristobuli
942 2072 1020 2137 opus
1036 2050 1169 2132 diffusus
1189 2051 1289 2116 luisse
1304 2052 1347 2116 lut

262 2169 313 2223 tus
332 2156 464 2246 quidam
484 2158 635 2224 orationis
653 2158 742 2225 color
767 2167 864 2244 utque
885 2169 1076 2246 exaggerata
1103 2157 1219 2239 dictio,
1240 2179 1306 2245 qua
1320 2179 1347 2221 sa

259 2265 333 2350 pius
360 2286 425 2330 nou
465 2265 596 2352 quidem
623 2263 699 2331 ficta
732 2284 792 2351 pro
818 2266 900 2329 reris
933 2262 1185 2344 commendavit,
1223 2248 1280 2328 sed
1297 2272 1347 2328 ’να

261 2369 462 2456 aliquatenus
481 2369 631 2436 fictorum
657 2370 797 2457 speeiem
824 2370 1021 2450 conciliarit,
1045 2392 1146 2457 purae
1163 2380 1254 2435 o'erte
1270 2368 1347 2436 acii

261 2496 354 2539 cerae
373 2498 480 2540 rerum
501 2478 688 2563 expositioni
709 2476 871 2563 inprimis
891 2474 1008 2544 offecit.
1033 2476 1127 2559 Quod
1153 2476 1287 2564 quidem
1306 2497 1346 2543 uu

261 2580 413 2662 officium,
433 2582 548 2648 ultimo
567 2582 638 2648 loco
653 2582 720 2667 jam
738 2583 900 2650 indicabo.

304 2688 446 2753 Primum
462 2689 562 2775 igitur
580 2691 739 2776 proferam
755 2690 969 2755 narrationem
978 2688 1154 2776 quandum,
1168 2689 1295 2755 obviam
1305 2710 1347 2778 apt

237 2793 451 2882 lucianum,
477 2816 559 2883 quoe
587 2808 623 2862 ut
651 2794 779 2861 dicendi
802 2818 902 2883 genus
928 2795 1112 2861 Aristobulo
1132 2797 1299 2884 proprium
1325 2817 1347 2861 n

259 2876 395 2966 obscure
422 2900 560 2981 indicat,
593 2904 635 2967 ita
663 2903 757 2969 etiam
791 2904 884 2968 simul
911 2902 951 2967 ad
985 2901 1169 2969 historicam
1196 2904 1266 2988 ejus
1294 2902 1347 2969 lidr

258 3028 316 3070 suo
342 3008 446 3092 pretio
471 3008 698 3075 aestimandam
727 3011 867 3075 multum
896 3010 1030 3078 confert.
1062 2998 1347 3100 Ἀριστοβοὺλο

257 3112 380 3199 inquit,
403 3112 601 3236 μονομαχίαν
618 3104 816 3235 ,γράψαντος
847 3097 1064 3204 Ἀλεξάνδρου
1087 3110 1142 3179 καλ
1168 3102 1347 3201 lirinum

258 3206 444 3302 ἀναγνόντος
463 3206 552 3301 αὐτῷ
576 3216 671 3283 τοῦτο
687 3206 828 3300 μάλιστα
851 3240 889 3285 το
881 3210 1093 3306 χωρίον
1052 3238 1110 3305 της
1128 3215 1271 3305 χραφῆς,
1292 3202 1347 3302 (qia

257 3309 319 3408 χᾶρ
340 3323 528 3409 χαριεῖσθαι
541 3343 583 3386 τα
591 3317 778 3407 μεχιστα
741 3343 788 3386 τω
774 3320 936 3404 ’βασιλεῖ
953 3309 1211 3411 ἐπιψευδόμενος
1223 3309 1347 3408 domuel

257 3414 345 3497 τινοὶς
365 3413 468 3508 αὐτῷ,
488 3421 542 3489 καὶ
554 3414 801 3490 ἀναπλάττων
782 3446 861 3515 ερχα
878 3421 1040 3510 μείζον’
1001 3446 1057 3513 της
1075 3418 1263 3512 diobolae)
1282 3420 1347 3505 λαβ

257 3521 375 3601 ἐκεῖνος
400 3518 444 3593 od.
465 3524 612 3611 βιβλίον,
633 3525 798 3616 (πλέοντες
827 3519 1030 3616 δ’ἐτῦχχανον
1055 3524 1088 3594 ἐν
1113 3526 1161 3612 τῷ
1185 3524 1347 3611 ποταμῷν

255 3617 433 3715 Ὑδάσπεα)
460 3623 597 3719 ἔρριψεν
623 3628 680 3698 ἐπὶ
698 3625 840 3720 κεφαλὴν
864 3629 898 3708 ἐς
922 3624 962 3699 τό
980 3622 1084 3719 ὕδωρ,
1106 3618 1268 3697 ἐπειπών·
1301 3633 1347 3695 «Κ

258 3729 297 3832 οὲ
317 3729 354 3799 δὲ
370 3723 473 3807 οὕτως
492 3730 597 3823 ἐχρῆν,
619 3720 647 3798 ὦ
669 3724 963 3824 Ἀριστόβουλε,
982 3734 1113 3801 τοιαῦτα
1131 3723 1215 3823 ὑπὲρ
1235 3731 1347 3816 ἐμοῦμ

255 4018 423 4067 νιοννοίλῖαατ
440 4019 501 4067 dont
518 4025 575 4067 tout
592 4020 630 4068 loa
648 4020 788 4069 historiens
805 4020 979 4071 d'Alsaeondro
989 4021 1087 4081 forent
1103 4018 1203 4084 Apris.»
1223 4020 1341 4086 spectaui

255 4106 352 4168 Frugm.
370 4105 420 4168 XI,
438 4102 501 4168 btv,
519 4105 570 4156 LV.

290 4189 316 4253 1)
334 4191 369 4240 Gi.
388 4190 467 4239 lllrici
486 4192 604 4242 Obaraot.
624 4192 649 4244 d.
667 4200 719 4243 ont.
738 4194 896 4258 Historioyr.
915 4209 942 4258 p.
960 4191 994 4241 52
1012 4209 1049 4259 sq.

289 4274 316 4342 2)
334 4276 431 4340 Frugm.
448 4277 490 4330 lll.

289 4360 316 4427 3)
333 4364 431 4425 urago.
447 4364 547 4417 xxvtl.
564 4365 599 4415 ct.
618 4380 683 4429 quae
700 4380 777 4430 nupia
794 4365 939 4416 monuimus
957 4381 983 4431 p.
999 4361 1042 4414 14.

289 4446 316 4513 t)
333 4452 430 4513 Fragm.
447 4449 533 4501 LVlll.

290 4533 318 4601 ὅ)
335 4537 427 4586 Contra
439 4537 472 4588 de
488 4536 603 4602 ejusdem
617 4536 722 4601 ingenio
738 4535 846 4592 candide
864 4551 975 4601 roreque
994 4536 1143 4603 pronuntiat
1161 4535 1257 4599 Frugm.
1273 4537 1306 4598 l,
1324 4547 1347 4584 ct

255 4638 308 4672 satu
325 4622 452 4689 explicans
468 4628 600 4689 suseeplae
618 4624 646 4675 iu
661 4622 759 4677 Aah·
774 4622 947 4689 expeditionis.
1048 4661 1050 4665 -
