3300 5600
786 580 807 642 9

224 762 311 824 cisse
335 755 399 819 sibi
429 752 606 821 ridebatur.
638 755 675 819 ln
704 751 827 818 celebri
855 752 929 832 illa,
964 773 1061 838 qnam
1086 754 1219 838 primam
1245 754 1287 819 de
1306 777 1363 823 suo

224 864 359 931 nomine
369 859 549 926 Alexander
566 861 600 923 in
617 859 763 947 Aegypto
781 856 987 938 condiderat,
1008 857 1124 945 urbe¹)
1143 861 1361 942 Ptolemaeus,

224 971 375 1059 quamvis
398 966 586 1054 gravissimis
602 966 695 1031 bellis
717 966 908 1043 distractus,
932 963 1104 1030 delubrum
1125 967 1174 1030 illi
1196 989 1365 1034 eonsecra-

224 1078 289 1157 rit,
311 1085 473 1140 structura
485 1085 517 1137 et
536 1085 605 1138 arte
614 1088 681 1138 ‘suo
703 1095 820 1161 genere
833 1072 1002 1151 eximium,
1026 1071 1140 1136 divinis
1161 1073 1240 1138 adeo
1262 1074 1365 1141 hono-
1433 1064 1436 1069 ¹

224 1185 317 1248 ribus
340 1203 414 1245 eum
432 1177 664 1266 prosecutus.²)

269 1291 365 1372 Quae
380 1286 500 1351 fuerint
516 1286 690 1351 Ptolemaei
712 1286 746 1349 in
766 1282 1018 1350 celebratissima
1036 1284 1210 1350 Alexandri
1230 1287 1364 1372 expedi·

226 1399 316 1461 tione
340 1406 463 1481 partes,
496 1415 579 1480 quae
601 1405 713 1457 mutua
739 1392 808 1476 ejus
836 1403 868 1456 et
892 1391 1065 1457 Alexandri
1094 1393 1227 1472 caritas,
1252 1395 1363 1478 paucis

226 1500 377 1590 quidem,
397 1499 452 1564 sed
476 1522 534 1586 pro
550 1502 696 1565 instituto
718 1510 825 1563 nostro
845 1500 917 1563 satis
937 1498 1141 1563 adumbrasse
1159 1498 1249 1562 nobis
1269 1499 1364 1564 vide-

227 1631 309 1674 mur.
344 1607 529 1694 Aegyptum
546 1630 621 1672 vero
641 1606 840 1695 provinciam
862 1627 926 1692 qua
946 1607 1067 1671 ratione
1087 1628 1149 1670 non
1170 1615 1234 1669 tam
1251 1604 1363 1671 Arrhi-

233 1713 301 1778 daei
322 1724 365 1786 et,
383 1712 556 1778 Alexandri
586 1715 680 1800 pueri
705 1713 832 1777 nomine
865 1713 1046 1797 gubernare
1067 1725 1099 1776 et
1131 1713 1232 1791 tueri,
1266 1734 1363 1798 quam

231 1818 392 1901 vindicare
410 1820 471 1885 sibi
493 1842 628 1907 regnum
654 1833 685 1886 et
708 1840 827 1906 augere
847 1817 1026 1898 studuerit,
1051 1839 1208 1905 exponere
1229 1817 1362 1904 longum

226 1937 357 1992 estnec
379 1947 519 1994 necesse.
553 1925 640 2010 Quid
665 1929 759 1992 etiam
784 1937 867 1990 artes
887 1947 1061 1990 memorem
1081 1937 1115 1990 et
1131 1925 1257 2003 literas,
1282 1945 1363 2010 qua-

224 2214 278 2267 tut.
297 2212 458 2264 Valerius'in
478 2213 560 2279 libro,
583 2213 616 2263 ab
632 2214 697 2277 Aug.
716 2215 780 2264 llaio
795 2213 904 2280 primum
925 2214 1006 2277 edito,
1024 2213 1055 2261 de
1071 2212 1123 2260 red.
1137 2219 1204 2278 gest.
1222 2212 1297 2261 Alco.
1315 2212 1363 2262 111.

223 2298 258 2348 90
278 2316 354 2364 sqq.,
373 2300 450 2364 cujus
471 2300 706 2365 tamen-scriptoris
728 2301 866 2349 auctoritas
884 2314 960 2363 quam
978 2299 1031 2347 fere
1056 2297 1129 2346 nulls
1155 2298 1202 2361 sit,
1228 2298 1293 2346 infru
1317 2312 1362 2347 suo

223 2383 282 2435 looo
300 2384 410 2450 patebit.
725 2379 729 2385 ’

257 2468 285 2536 1)
304 2472 387 2520 Strab.
409 2475 438 2520 et
460 2472 531 2522 Curt.
543 2470 562 2520 l.
580 2471 609 2535 l.,
625 2471 688 2521 item
708 2471 815 2520 Pausan.
834 2467 894 2521 tt.
908 2469 934 2535 1,
949 2469 993 2533 qui
1010 2468 1126 2533 quidem,
1145 2472 1174 2517 ut
1185 2467 1239 2531 jam
1253 2469 1364 2521 animad-

224 2559 304 2609 versis
317 2558 425 2607 Geierus
435 2573 460 2623 p.
474 2556 523 2624 24,
542 2558 569 2607 in
593 2559 643 2607 hoo
662 2559 828 2607 vehementer
845 2557 923 2606 salsus
947 2560 999 2618 est,
1024 2554 1092 2619 quod
1116 2553 1254 2604 Alexandri
1270 2571 1364 2622 corpus

227 2662 242 2696 e
255 2644 427 2709 Philadelpho
445 2643 547 2693 demum
562 2643 704 2708 llempbide
723 2642 899 2692 Alexandriam
916 2643 1076 2707 deportatum
1091 2640 1208 2690 credidit.

257 2741 285 2809 a)
304 2744 341 2792 m
354 2746 472 2807 spectans
483 2758 524 2807 ap.
540 2741 643 2789 suetan.
656 2719 1362 2807 nial.Mort.x111ttexander2‘Ynm2vatros,inquit,

226 2832 416 2910 Πτολεμαῖος
432 2824 450 2891 o‘
468 2824 655 2910 ὑπασπιστής
665 2865 706 2877 -
720 2825 751 2902 ἒς
766 2823 923 2907 At'yvmov
938 2823 1099 2909 ἀπαγαγών
1109 2851 1147 2908 με
1161 2823 1276 2909 θάψειν
1289 2827 1361 2907 ἐκεῖ,

227 2926 270 3008 οἷς
289 2930 465 3015 γενοίμην
492 2924 543 3007 εἷς
569 2932 642 2993 τῶν
668 2928 885 3012 Αἰγυπτίων
907 2931 1016 2993 θεῶν.
1046 2943 1082 2991 lle
1103 2941 1211 2990 delubro
1226 2939 1363 2990 Alexandri

227 3038 356 3088 Theocriti
376 3042 438 3087 sunt
460 3052 548 3086 versus
571 3036 655 3100 Ityn.
674 3036 753 3083 XVII.
772 3032 805 3082 16
823 3050 896 3097 sqq,
915 3036 960 3083 ubi
978 3035 1077 3084 cultum
1093 3021 1172 3083 fuisso
1190 3033 1361 3083 Ptolemaeum

226 3124 301 3173 docet
326 3140 379 3173 una
409 3140 468 3173 oum
494 3124 637 3172 Alexandro
659 3122 740 3169 amico
764 3124 791 3167 et
815 3122 944 3169 communi
968 3123 1101 3185 utriusque
1125 3137 1219 3186 proavo
1244 3121 1361 3171 Hercule.

226 3215 326 3267 iliodori
342 3217 362 3268 l.
381 3217 401 3270 l.
414 3219 479 3268 haec
498 3221 558 3266 sunt
575 3217 652 3267 rerba
670 3233 677 3265 s
694 3199 918 3267 Κατεσκεύασεν
942 3198 994 3267 οὖν
1018 3200 1139 3285 τέμενος
1158 3197 1238 3266 narni
1252 3200 1287 3267 τό
1304 3201 1361 3286 με’-

226 3310 317 3386 γεθος
336 3302 387 3367 καὶ
407 3297 485 3369 sotei
505 3301 561 3390 τήν
583 3302 764 3393 κατασκευήν
785 3308 841 3391 τῆς
859 3300 1052 3392 Ἀλεξάνδρου
1069 3302 1160 3391 δόξης
1174 3299 1263 3389 deror,
1283 3306 1315 3369 ἒν
1335 3300 1363 3397 ᾦ

227 3402 372 3490 κηδεύσας
400 3404 494 3472 αὐτόν
516 3409 565 3473 καὶ
597 3408 720 3487 θυσίαις
751 3404 894 3495 η’ρωὶααῖς
922 3411 971 3473 καὶ
1003 3407 1097 3494 ἀγαῖσι
1127 3408 1361 3497 μεγαλοπρεπέσι

226 3505 372 3598 τιμήσαςλ
395 3506 432 3575 osi
455 3508 526 3597 παρ’
546 3508 726 3598 ἀνθρώπων
748 3509 852 3595 μόνον,
882 3508 957 3577 ἄλλα
981 3513 1031 3577 καὶ
1053 3509 1136 3597 παρα
1165 3514 1249 3577 θεῶν
1270 3511 1361 3591 καλάς
1449 3523 1452 3528 ‘

226 3608 353 3697 tipoosfldg
374 3610 487 3696 diaden.
508 3628 561 3677 tul.
584 3628 695 3692 denique
720 3627 837 3677 Valerius
862 3628 881 3677 l.
902 3628 921 3682 l.
943 3627 978 3677 92
997 3645 1004 3677 :
1025 3609 1158 3691 «Erigitur
1181 3629 1257 3680 sedes
1283 3645 1360 3693 qusns

225 3720 331 3769 maximo
356 3734 434 3785 opere
455 3720 487 3769 ad
505 3721 585 3769 instar
605 3720 710 3785 templi,
734 3719 804 3783 quod
830 3720 905 3768 etiam
929 3736 1000 3769 nuno
1021 3721 1157 3770 Alexandri
1181 3723 1357 3773 nominatur.»

225 3807 269 3857 llio
294 3813 383 3856 tamen
405 3822 495 3856 vereor
517 3823 550 3856 na
575 3807 721 3855 contuderit
745 3805 881 3854 Alexandri
903 3807 1054 3872 delubrum,
1070 3824 1086 3857 a
1105 3808 1250 3858 Ptolemaeo
1269 3809 1326 3871 Lagi
1340 3810 1359 3858 l.

226 3893 376 3956 eonditum,
390 3894 511 3942 eumalio
527 3898 708 3956 monumento,
719 3896 805 3958 postea
820 3892 922 3941 demum
937 3898 1081 3959 exstructo,
1096 3895 1127 3944 de
1146 3911 1198 3958 quo
1211 3894 1300 3943 Strabo
1312 3895 1330 3943 l.
1341 3895 1359 3946 1.

226 3991 446 4041 aemendatione
464 3991 603 4043 camuhoni
621 4007 628 4040 ε
646 3975 755 4060 Μέρος
780 3976 843 4039 τῶν
862 3976 1018 4059 βασιλείων
1040 3978 1106 4042 ἐστὶ
1126 3978 1175 4042 καὶ
1196 3974 1231 4041 sd
1252 3972 1359 4040 καλού-

225 4098 313 4155 μενον
338 4076 445 4159 Σῆμα,
475 4072 494 4140 ὃ
519 4076 672 4161 περίβολος
697 4074 745 4163 ἤν,
774 4078 806 4143 ἒν
833 4069 860 4167 ᾧ
882 4078 913 4143 αἱ
933 4082 994 4145 τῶν
1014 4076 1161 4164 βασιλέων
1181 4080 1288 4165 ταφαὶ,
1310 4080 1360 4143 καὶ

223 4173 245 4261 ἦ
263 4172 468 4263 Ἀλεξάνδρου.
490 4195 525 4243 Cl.
543 4196 590 4244 llio
614 4196 741 4259 chrysost.
761 4195 793 4244 ed
813 4196 865 4245 Jul.
879 4197 963 4248 Valcr.
976 4215 991 4248 a
1003 4199 1067 4248 ldaio
1082 4197 1200 4249 laudatus
1212 4203 1239 4247 et
1254 4196 1357 4248 Casaub.

224 4293 255 4345 ad
271 4296 379 4344 Sueten.
397 4296 509 4361 August.
530 4296 621 4360 lllllll.
650 4299 711 4346 Nona
728 4282 820 4365 Σῆμα
838 4297 903 4347 illud
925 4297 1067 4347 aedificavit
1091 4300 1250 4349 Ptolemaeus
1272 4299 1358 4348 Philo·

223 4394 308 4455 pator,
326 4396 357 4440 ut
370 4393 449 4442 refert
467 4392 560 4442 zenob.
577 4394 654 4445 Prae.
672 4396 719 4447 tlt.
736 4394 771 4446 et
788 4414 795 4446 ε
813 4378 858 4447 Ἑν
885 4381 968 4465 μέσα
988 4386 1032 4473 τῇ
1051 4375 1133 4449 πόλει
1153 4388 1259 4470 μνῆμα
1281 4386 1357 4450 οἶκοι

224 4475 377 4566 δομήσας,
402 4479 422 4545 d
441 4482 494 4547 νῦν
514 4485 605 4569 Σῆμα
624 4489 767 4567 καλεῖται,
790 4483 903 4565 πάντας
925 4487 986 4552 ἐκεῖ
1003 4487 1072 4566 τούς
1090 4484 1280 4577 προπάτορας
1304 4486 1357 4553 οὐν

223 4580 306 4673 αὐτῇ
324 4583 483 4667 κατέθετο,
505 4588 554 4651 καὶ
573 4584 768 4675 Ἀλέξανδρον
788 4588 841 4655 τόν
861 4586 1033 4658 Μακεδόνα.
