3300 5600
654 592 715 654 159

243 776 353 852 putat,
379 763 536 828 omittere.
561 764 647 845 Quid
670 768 770 853 igitur
789 767 926 845 mirum,
951 768 990 847 ei,
1010 766 1113 832 verbis
1132 759 1246 853 ὥσπερ

243 890 343 955 mom.
363 868 535 955 neglectis,
562 869 731 952 Aelianus,
762 872 819 936 uni
846 871 1000 939 Phocioni
1019 872 1151 958 ejusque
1172 892 1247 936 cum

243 976 297 1040 dre
325 974 549 1040 consuetudini
577 976 599 1044 l.
624 977 646 1044 l.
667 979 808 1044 intentus
829 999 837 1042 ι
863 970 1093 1066 Ἀλέξανδρος,
1115 978 1243 1063 inquit,

243 1101 402 1159 errov,.—
424 1076 572 1144 Φωκίωνι
598 1071 705 1166 μόνῳ,
733 1080 836 1170 φασὶ,
866 1081 913 1164 τῷ
938 1072 1125 1169 Ἀθηναίων
1148 1100 1246 1168 σιρα-

243 1172 385 1270 γριίφων,
407 1179 603 1269 προσετίθει
623 1176 662 1250 cd
684 1184 828 1274 Χαίρειν.
869 1186 935 1250 Nec
954 1188 1055 1272 magis
1078 1185 1247 1274 persuadet

243 1310 256 1352 ¹.
274 1289 377 1367 Gent,
403 1287 459 1351 ubi
480 1287 521 1352 ad
540 1287 643 1354 Geelii
665 1302 697 1354 et
721 1311 810 1355 suam
832 1292 1018 1356 sententiam
1039 1293 1193 1358 tuendam
1212 1295 1245 1357 iu

251 1395 375 1459 Aeliani
391 1394 495 1458 verbis
512 1394 642 1481 aliquod
661 1397 853 1482 praesidium
868 1398 1005 1482 positum
1022 1410 1142 1467 censet.
1167 1401 1245 1464 Nam

243 1499 489 1586 ubjunguntur:
512 1493 618 1574 οὕτως
639 1491 705 1588 ἄρα
726 1492 838 1589 ᾑρήκει
856 1493 912 1568 τὸν
933 1488 1110 1568 Μακεδόνα
1132 1496 1247 1569 deo-

243 1608 264 1669 is
283 1629 361 1670 num
379 1606 529 1670 Aelianus
550 1627 623 1670 vera
642 1608 832 1692 expresserit
853 1606 1015 1672 Plutarchi
1035 1601 1156 1672 verba:
1181 1601 1246 1669 ὠσ-

243 1707 415 1799 ίπατίρα,
447 1711 527 1776 adeo
553 1711 692 1777 dubitari
716 1721 806 1797 posse
833 1734 922 1793 reor,
946 1724 983 1777 ut
1001 1713 1050 1777 illi
1070 1714 1142 1778 loco
1164 1711 1244 1776 nihil

243 1839 327 1880 nesse
347 1817 487 1897 videam,
512 1819 572 1883 nisi
590 1821 636 1882 rei
655 1820 761 1883 statim
782 1831 857 1884 ante
873 1833 1020 1886 narratae
1038 1820 1126 1884 velut
1148 1820 1245 1906 expli·

244 1920 299 2002 m,
318 1925 493 2008 prolectam
515 1947 551 1988 ex
571 1924 925 2010 eodemiEpitomatoris
946 1949 1052 2013 penu,
1077 1927 1244 1991 cuiinsul-

243 2053 273 2109 s,
299 2052 382 2116 quac
402 2044 471 2117 post
491 2015 587 2096 verba
607 2021 861 2118 Ἀλέξανδροςὸ
885 2030 1055 2098 Φιλίππου
1074 2034 1242 2120 leguntur,

243 2167 267 2208 rs
287 2147 415 2211 facetias
433 2169 440 2210 :
466 2143 496 2211 ai
514 2144 552 2212 δέ
571 2147 623 2231 sip}
639 2144 742 2222 δοκεῖ,
761 2132 779 2208 ὁ
796 2141 855 2209 τοῦ
868 2132 965 2217 Διός·
986 2130 1063 2224 ἐμοί
1075 2137 1136 2232 γιίρ
1154 2136 1247 2209 οὐδὲν

243 2281 278 2324 ει.
691 2277 692 2281 ’

243 2366 371 2438 lortasse
383 2373 451 2456 jam
469 2374 582 2451 latius,
601 2393 698 2459 quam
711 2380 907 2457 oportuerat,
927 2371 1039 2433 sumin
1052 2367 1113 2434 hoc
1132 2391 1244 2455 campo

243 2490 318 2545 atus.
354 2481 460 2545 Pauca
486 2490 591 2544 tamen
621 2477 736 2543 addam
764 2476 804 2540 de
829 2476 897 2562 ipsa
928 2475 1033 2542 Geelii
1059 2475 1244 2560 conjectura

243 2583 300 2648 ινεὶ
323 2581 465 2674 πατέρα,
496 2607 593 2673 quam
613 2583 743 2671 quidem
764 2585 859 2649 etiam
880 2583 1016 2670 quinon
1034 2586 1242 2650 necessariam

243 2740 248 2767 ‚
273 2691 377 2774 primo
403 2691 520 2758 obtutu
542 2712 695 2778 perquam
716 2690 890 2775 speciosam
913 2689 1013 2753 videri
1037 2689 1122 2755 haud
1147 2713 1246 2777 nega-

243 2796 333 2862 modo
352 2820 392 2863 ne
412 2799 600 2886 scrupulum
614 2796 738 2881 injiciat
753 2796 926 2875 ‚insolentia
945 2796 1094 2886 vocabuli
1114 2785 1245 2883 αἷσπερ-
1357 2810 1359 2815 ’

243 2903 401 2969 'lutarcho
433 2927 591 2993 nusquam
622 2904 775 2990 usurpati.
817 2901 911 2985 Quod
940 2924 1015 2968 sero
1040 2912 1113 2967 ante
1139 2901 1244 2967 omnia

243 3032 271 3075 >o
293 3012 326 3073 in
343 3034 474 3075 censum
488 3013 591 3090 venit,
616 3011 643 3075 si
656 3007 873 3075 Alexandrum
890 2999 1094 3074 concedimus
1109 3005 1244 3073 Phocio-

243 3139 285 3182 .eo
306 3139 372 3182 csse
396 3118 585 3196 reveritum,
610 3128 647 3181 ut
668 3115 756 3180 hunc
772 3115 829 3179 ille
852 3128 1017 3203 tunquam
1032 3129 1171 3203 petrem
1190 3135 1243 3179 co·

243 3223 361 3313 acquod
381 3224 483 3288 inesse
501 3235 606 3310 potest
624 3224 658 3287 in
677 3221 814 3289 formula
831 3224 889 3289 τοῦ
904 3220 1039 3310 Χαίρειν
1053 3220 1242 3299 Alexandri,

243 3331 297 3409 lii,
316 3332 348 3394 in
363 3330 578 3409 Phocionem,
598 3329 685 3394 velut
702 3342 842 3416 patrem,
861 3328 1055 3393 reverentiae
1074 3349 1244 3415 argumen-

248 3438 290 3501 ita
304 3437 453 3525 quidem,
478 3448 513 3501 ut
525 3436 564 3501 ad
580 3435 686 3515 huuc,
710 3447 863 3522 tauquam
874 3434 913 3499 ad
926 3444 1066 3521 patrem,
1083 3431 1242 3513 scribens,

243 3564 307 3627 ρειν
326 3546 470 3608 omittere
488 3542 577 3630 quasi
593 3564 657 3607 nou
671 3541 770 3606 fuerit
785 3562 907 3606 ausus»
930 3539 970 3626 (v.
988 3542 1073 3608 Gent
1094 3563 1126 3626 p.
1151 3538 1243 3625 12.)t
1310 3561 1316 3578 ¹

243 3643 385 3714 ecantata
410 3651 471 3715 luit
493 3649 550 3713 i'lla
574 3650 607 3712 in
630 3647 777 3734 Epistolis
802 3646 960 3728 formula,
991 3647 1074 3711 inter
1096 3668 1187 3733 pares
1213 3656 1244 3709 et

243 3802 250 3832 ,
276 3777 335 3819 nec
353 3778 428 3820 vero
449 3758 533 3821 inter
551 3766 656 3842 patres
675 3764 800 3819 tantum
820 3764 851 3817 et
870 3753 951 3819 filios
973 3751 1118 3818 adhiberi
1140 3752 1242 3818 solita.

243 3883 330 3947 [uum
348 3863 392 3926 ita
412 3863 469 3941 sit,
494 3862 596 3929 Geelii
623 3859 828 3944 conjectura,
849 3860 875 3923 si
894 3861 1083 3925 sententiam
1103 3870 1242 3945 spectas,

244 3990 315 4031 rum
344 3968 604 4049 commendatur,
637 3979 692 4047 ut,
725 3968 750 4031 si
774 3988 839 4053 qua
861 3951 1080 4030 emendatione
1103 3963 1244 4052 indigeat

262 4073 377 4155 lectio,
401 4076 433 4138 in
460 4075 521 4139 alia
544 4076 647 4139 omnia
668 4095 764 4160 quam
785 4074 819 4135 in
838 4074 908 4141 Viri
928 4072 1035 4139 Celeb.
1056 4083 1163 4158 partes
1183 4070 1243 4135 ab·

243 4202 256 4242 a
279 4203 345 4244 esse
365 4180 567 4247 crediderim.
722 4183 725 4192 '
1005 4162 1009 4168 ¹

243 4286 309 4365 im,
334 4288 477 4374 quamvis
505 4287 584 4352 dicti
599 4277 667 4352 loci
687 4287 862 4372 scriptura,
888 4287 992 4373 qualis
1011 4284 1117 4350 adhuc
1142 4286 1243 4348 omni-

243 4392 331 4457 libris
347 4396 478 4483 legitur,
492 4395 667 4478 sententiae
684 4395 807 4460 ratione
823 4392 950 4472 habita,
967 4390 1248 4482 delendiomnino

243 4499 387 4581 ideatur,
411 4502 525 4567 lubens
543 4512 648 4565 tamen
666 4499 893 4580 concesserim,
912 4498 945 4564 id
963 4496 1051 4586 quod
1069 4519 1165 4584 supra
1175 4498 1257 4581 jam'

243 4606 350 4685 abam,
373 4608 473 4694 ipsam
500 4607 674 4672 orationem
706 4605 873 4699 Plutarchi
898 4607 932 4670 in
954 4626 1069 4692 magno
1089 4605 1244 4691 languore
