3300 5600
849 565 891 628 to

304 745 362 830 qoi
383 743 456 808 Pori
482 741 586 806 lilium
604 741 730 828 scripsit
757 760 833 804 eum
863 742 1048 828 rsaaginto
1075 741 1223 806 curribus
1249 740 1444 822 advenisse,

301 859 493 935 anteaquam
503 844 684 912 Alexander
693 847 800 934 copias
815 867 853 912 ex
870 846 975 911 insula
992 845 1146 934 Hydaspis
1162 847 1196 911 in
1213 848 1317 934 ripam
1334 859 1451 914 trans-

206 1019 208 1022 .
300 955 449 1021 misisset.
489 954 603 1019 Contra
628 954 847 1032 Ptolemaeus,
878 954 935 1039 qui
969 954 1037 1039 ipse
1068 952 1262 1039 expeditioni
1289 955 1446 1020 interfuit

302 1059 372 1150 (13.
392 1057 452 1146 1.),
471 1060 544 1124 Pori
565 1058 666 1125 filium
685 1082 759 1125 cum
778 1058 908 1124 dnobus
927 1058 1069 1124 millibus
1089 1061 1235 1146 equitum
1252 1070 1285 1124 et
1302 1077 1447 1128 ceratum

299 1168 436 1253 viginti
453 1165 601 1230 curribus
623 1167 804 1252 proiectum
829 1169 996 1232 accessisse
1019 1164 1200 1246 contendit,
1220 1187 1324 1253 quum
1343 1168 1437 1234 Alex·

299 1270 400 1338 ander
422 1271 490 1356 jam
518 1272 666 1338 ultimum
692 1272 808 1338 vadum
838 1295 875 1338 ex
898 1273 1003 1338 insula
1025 1271 1211 1356 trajecisset.
1243 1273 1352 1360 Atque
1375 1273 1436 1339 hoe

298 1378 681 1465 Lagidaotestimonium,
701 1379 762 1443 sibi
782 1378 971 1464 probatum,
992 1379 1143 1444 Arrianus
1157 1378 1226 1468 (14.
1238 1376 1285 1465 5.)
1307 1381 1434 1445 rationi·

297 1486 359 1550 bus
380 1484 467 1550 haud
488 1487 532 1552 ita
554 1484 726 1550 inconditis
752 1484 879 1550 firmare
907 1485 1030 1551 nititur.
1073 1485 1120 1552 cf.
1141 1485 1284 1572 Droysen
1310 1484 1334 1552 l.
1358 1484 1381 1552 l.
1403 1509 1432 1572 p.

299 1592 378 1660 893.
409 1590 500 1656 Idem
520 1603 626 1657 tamen
648 1592 721 1671 ille,
740 1580 1027 1679 quantamcunque
1052 1591 1085 1655 in
1111 1591 1224 1655 ceteris
1250 1588 1349 1655 fidem
1370 1606 1434 1656 mo·

298 1710 407 1779 retur,
427 1699 536 1764 neseio
555 1720 594 1761 an
616 1719 789 1778 curruum,
812 1697 894 1761 adde
915 1699 1059 1783 equitum
1075 1718 1245 1761 numerum
1264 1716 1340 1761 vere
1361 1718 1434 1761 con·

297 1804 450 1871 stituerit.
474 1805 588 1869 Fertur
604 1803 716 1868 saltem
741 1805 809 1868 Rex
836 1805 903 1890 ipse
921 1802 1008 1866 hunc
1031 1804 1064 1866 in
1088 1802 1220 1867 modum
1244 1801 1285 1867 do
1314 1803 1434 1888 proelio

297 1919 486 2003 scripsisse:
515 1915 587 1983 Τῶν
602 1914 730 1983 ἱππέων
751 1915 906 2001 χιλίους
926 1913 979 1981 καὶ
998 1915 1062 1981 τῶν
1080 1905 1232 2004 ἁρμάτων
1252 1904 1436 2009 ἑξήκοντα

298 2017 510 2120 συμπεσόντα
530 2014 752 2114 τρεψάμενος,
775 2018 817 2090 τοὶ
843 2023 902 2110 μὲν
927 2016 1057 2111 ἅρματα
1078 2023 1189 2107 λαβεῖν
1210 2014 1353 2105 ἅπαντα,
1375 2018 1436 2089 τῶν

298 2131 465 2200 δ’ἱττττέων
486 2125 607 2199 οἷνελεῖν
627 2131 920 2221 τετρακοσίους.
953 2133 1028 2201 Vid.
1054 2131 1217 2200 Plutarch.
1239 2130 1276 2200 V
1276 2134 1316 2198 it.
1340 2131 1436 2200 Ales.

295 2241 361 2308 tx.
395 2238 525 2306 Curtius
557 2237 661 2327 (vltl.
687 2240 740 2305 14.
770 2235 816 2324 2.)
848 2248 884 2302 ut
912 2261 1022 2304 rursus
1043 2241 1078 2304 in
1104 2240 1189 2305 omni
1214 2237 1276 2304 hae
1297 2261 1334 2304 re
1360 2239 1436 2304 alios

295 2348 399 2412 fontes
432 2345 528 2425 adiit,
561 2346 607 2408 ita
642 2345 717 2409 Pori
748 2366 812 2407 non
830 2344 957 2430 filium
986 2347 1194 2432 praemissum
1222 2357 1349 2426 narrat,
1382 2344 1437 2411 sed

289 2453 466 2540 fratrem,
493 2453 602 2532 Hagen
623 2450 769 2528 nomine,
791 2471 865 2514 cnm
889 2454 952 2515 100
980 2451 1144 2538 quadrigis
1174 2465 1205 2517 et
1228 2456 1316 2517 4000
1345 2452 1437 2539 equi·

297 2558 395 2624 tibus.
424 2556 606 2622 Ptolemaeo
634 2555 669 2618 in
696 2554 759 2619 hoe
788 2567 913 2620 tantum
944 2560 1118 2638 consentit,
1142 2557 1230 2644 quod
1254 2579 1262 2622 τ
1287 2559 1437 2637 «imber,

296 2663 420 2751 inquit,
441 2663 612 2727 violentius
643 2682 741 2747 quam
764 2662 840 2726 alias
864 2663 973 2741 fusus,
998 2684 1125 2749 campos
1147 2664 1288 2729 lubricos
1311 2676 1345 2729 et
1369 2665 1438 2729 ine-

298 2769 471 2859 quitabiles
488 2770 627 2843 fecerat;
653 2768 830 2856 gravesque¹
851 2780 882 2833 et
900 2769 1131 2856 propemodum
1156 2770 1338 2837 immobiles
1363 2793 1440 2838 cur-

298 2900 353 2943 rus
374 2878 484 2942 illuvie
505 2898 543 2941 ac
563 2875 768 2962 voraginibus
787 2876 999 2943 haerebant.»
1114 2920 1118 2927 -

342 2984 563 3068 Detemporo
596 2980 694 3065 hujus
721 2982 836 3067 proelii
870 3004 970 3069 quum
1004 2984 1165 3070 quandam
1201 3005 1269 3049 esse
1309 2994 1440 3049 contro·

299 3091 434 3154 versiam
462 3087 604 3169 videam,
630 3089 671 3153 ab
699 3087 760 3153 hoc
786 3087 918 3174 quidem
946 3089 1018 3154 loco
1046 3113 1110 3155 non
1135 3091 1275 3155 alienum
1303 3091 1344 3154 sit
1369 3112 1442 3155 eam

301 3194 522 3281 quaestionem
550 3196 647 3278 paulo
677 3196 860 3260 accuratius
883 3205 1033 3263 tractare.
1071 3195 1175 3261 Τοῦτο
1197 3185 1237 3260 τῶ
1257 3190 1366 3274 τέλος,
1395 3198 1441 3262 ait

297 3301 451 3369 arrianus
470 3300 510 3368 V.
534 3302 586 3394 19.
613 3298 712 3388 3,τῇ
731 3288 820 3386 μάχῃ
842 3298 883 3386 τῇ
904 3291 990 3387 πρὸς
1011 3287 1133 3387 Πῶρόν
1154 3319 1190 3361 τε
1211 3294 1265 3360 καὶ
1286 3290 1367 3374 τούς
1387 3294 1441 3366 ἐπ’

299 3407 404 3475 ἐκεῖνα
420 3407 481 3474 τοῦ
500 3399 663 3474 Ὑδάσπου
689 3406 850 3489 ποταμοῦ.
865 3397 978 3482 λυδούς
1007 3396 1213 3493 Ἀλεξάνδρῳ
1237 3401 1362 3490 ἐγένετο
1387 3401 1442 3475 ἐπ’

302 3508 460 3606 ἄρχοντος
474 3507 668 3603 Ἀθηναίοις
683 3504 868 3601 Ἠγεμόνος,
890 3514 990 3604 μῆνας
999 3514 1241 3598 Μουνυχιῶνος.
1265 3515 1330 3597 Qui
1346 3517 1440 3584 locus

303 3650 406 3714 quum
432 3627 639 3694 Schmiedero
677 3649 821 3714 pugnare
850 3625 1012 3694 videretur
1048 3628 1093 3717 (id
1124 3628 1210 3716 quod
1237 3626 1303 3711 jam
1333 3632 1440 3697 visum

300 3734 405 3800 luerat
423 3735 549 3800 Radero
568 3735 608 3804 ad
618 3738 713 3802 diust.
734 3735 823 3804 Vltt.
845 3736 896 3801 14.
914 3731 984 3821 46.)
1003 3756 1078 3800 cum
1094 3735 1311 3821 superioribus
1331 3738 1439 3803 verbis

299 3842 428 3905 Arriani
448 3843 472 3910 l.
498 3843 522 3909 l.
547 3845 581 3911 9.
610 3847 650 3921 5,
673 3843 749 3928 quia
769 3842 893 3905 scilicet
913 3840 975 3905 hoe
994 3843 1094 3907 altero
1115 3843 1187 3907 loco
1206 3843 1300 3905 circo
1316 3843 1438 3908 solati-

300 3949 392 4010 tium
410 3950 580 4012 aestivum
599 3948 638 4012 ad
655 3948 834 4033 Hydaspem
847 3947 1067 4013 Alexandrum
1085 3961 1185 4014 castra
1201 3946 1351 4011 habuisse
1372 3960 1440 4015 tra·

299 4049 406 4131 deret,
427 4054 616 4119 mutandum
633 4055 758 4120 censuit
775 4054 968 4119 vocabulum
993 4052 1241 4136 Μουνυχιῶνος,
1264 4057 1322 4139 qui
1344 4077 1441 4121 men-

297 4157 340 4220 sis
358 4158 550 4243 Hegemonis
578 4183 661 4225 anno
685 4159 754 4227 ad.
776 4163 816 4224 19
836 4159 914 4245 Apr.
936 4159 1121 4245 perduravit
1143 4158 1182 4223 ad
1202 4157 1233 4226 d.
1254 4162 1294 4223 18
1312 4161 1388 4245 lllaji
1406 4186 1439 4231 a.

298 4264 383 4341 326,
407 4266 442 4327 in
461 4265 747 4351 Μεταγειτνιῶνος.
778 4264 920 4330 Eandem
948 4261 1164 4349 conjecturam
1194 4264 1345 4348 deinceps
1369 4291 1440 4334 am·

296 4368 384 4453 plexi
411 4382 484 4435 sunt
518 4370 700 4451 Clintonus,
731 4372 938 4458 Kruegerus,
969 4373 1109 4460 aliique,
1137 4372 1338 4436 immemores
1367 4385 1440 4440 tum

298 4473 393 4538 etiam
419 4498 478 4562 pro
504 4465 676 4560 Ἠγεμόνος
704 4476 877 4564 legendum
904 4498 970 4542 asse
994 4474 1181 4564 Χρέμητος,
1205 4479 1263 4565 qui
1290 4479 1439 4563 proximo

296 4592 368 4666 post
382 4582 598 4670 Hegemonem
615 4604 698 4650 anno
715 4584 844 4651 Archon
861 4584 941 4665 fnit,
961 4606 1001 4650 ne
1020 4594 1106 4649 retro
1124 4585 1339 4670 computando
1358 4585 1434 4670 pln-
