3300 5600
316 2294 354 2362 in
381 2294 565 2362 literarum
595 2290 738 2370 studiis,
764 2301 843 2358 tum
865 2293 903 2358 in
929 2288 996 2360 hae
1020 2289 1259 2383 disputatione
1285 2293 1435 2359 oonsori·

185 2465 188 2471 -
314 2415 431 2487 benda
444 2415 666 2509 praestiteris.
689 2414 815 2483 Sextus
831 2414 908 2506 jam
923 2416 1041 2508 agitur
1051 2437 1183 2495 annus,
1202 2438 1244 2484 ex
1265 2437 1354 2507 quo,
1376 2426 1437 2482 tuo

315 2542 447 2633 pariter
477 2548 585 2632 atque
614 2536 764 2608 Heusdii
793 2540 855 2605 τοῦ
875 2538 1055 2628 μακαρίτου
1081 2537 1225 2608 hortatu
1253 2540 1436 2618 incitatus,

267 2743 269 2747 y
316 2662 362 2733 ad
384 2675 542 2733 veterum
567 2660 824 2732 Historioorum
846 2660 1005 2739 studium
1025 2684 1083 2732 me
1103 2671 1303 2733 convertere
1321 2653 1436 2755 coepi,

315 2812 356 2860 eo
378 2785 524 2883 quidem
549 2786 714 2869 oonsilio,
739 2796 798 2868 ut,
826 2785 954 2858 idoneo
975 2786 1134 2881 undique
1156 2788 1439 2858 testimoniorum

315 2917 350 2983 e't
376 2911 654 3008 fragmentorum
681 2922 853 3005 apparatu
881 2911 1046 2993 oolleoto,
1079 2910 1218 2981 ederem
1243 2911 1439 3005 aliquando

315 3037 497 3117 criticam,
509 3058 618 3130 quam
626 3047 766 3116 vocant,
777 3032 823 3103 H
820 3036 1062 3104 istorioorum
1076 3036 1312 3129 antiquorum
1324 3034 1439 3104 histo·

314 3162 425 3229 riam.
462 3158 577 3252 Quem
598 3161 752 3252 juvenili
780 3160 921 3242 ardore,
952 3183 998 3230 ne
1023 3160 1139 3231 dioam
1167 3172 1297 3232 temere
1325 3183 1438 3229 susee-

314 3295 417 3378 ptum
436 3283 594 3354 laborem
610 3286 639 3354 si
657 3283 800 3354 tandem
819 3285 1012 3376 perfecero,
1032 3263 1130 3379 quod
1146 3295 1283 3362 tamen,
1305 3293 1346 3351 ut
1357 3307 1439 3353 vera

216 3480 219 3490 ,
315 3410 381 3478 tibi
403 3410 531 3488 fatear,
554 3409 594 3477 in
617 3409 788 3478 immenso
813 3405 923 3500 hujus
946 3408 1145 3505 argumenti
1161 3407 1298 3475 ambitu
1314 3416 1350 3502 et
1369 3405 1438 3477 dii-

193 3564 195 3570 ·
314 3531 475 3601 fioultate
502 3555 614 3624 paene
638 3532 914 3625 inexsuperabili
937 3536 1045 3603 etiam
1068 3541 1176 3624 atque
1196 3519 1306 3599 etiam
1330 3531 1439 3624 inque

316 3655 389 3726 dies
399 3658 511 3751 magis
522 3654 713 3743 dubit03-
730 3656 793 3727 sed
810 3660 841 3727 si
860 3659 1051 3750 perfecero,
1080 3654 1118 3725 id
1140 3678 1203 3748 pro
1226 3653 1319 3738 bona
1339 3667 1440 3748 parte

314 3792 398 3850 tuae
429 3803 487 3849 me
511 3778 714 3850 debiturum
746 3804 894 3874 operae,
927 3779 1016 3875 quid
1055 3779 1299 3851 dissimulem?
1336 3790 1436 3860 tuae,

314 3907 482 3998 inquam,
503 3905 567 3997 qui
582 3925 688 3999 grave
708 3927 828 3975 meum
848 3906 886 3974 in
903 3902 970 3974 huo
982 3904 1084 3985 urbe,
1109 3904 1307 3975 studiorum
1323 3904 1437 3972 subsi-

290 4113 292 4118 ,
315 4028 383 4098 diis
417 4051 543 4120 parum
576 4025 759 4111 affluente,
790 4029 987 4099 multorum
1009 4025 1182 4100 librorum
1207 4027 1435 4106 desiderium,

315 4174 428 4245 quum
458 4153 585 4222 tollere
615 4176 787 4248 nequeas,
823 4176 896 4247 quo
916 4156 1063 4247 potuisti
1091 4154 1196 4224 modo
1220 4153 1379 4223 minuere
1402 4162 1438 4219 et

314 4276 427 4346 lenire
442 4275 541 4346 haud
561 4299 719 4371 unquam
746 4278 899 4348 desieris.
926 4275 1046 4371 Quam
1069 4279 1312 4349 suavissimam
1338 4286 1438 4346 tuam

316 4404 355 4472 in
375 4423 432 4470 me
452 4402 736 4472 benevolentiam
755 4425 870 4495 quum
889 4412 1028 4472 tentam
1039 4424 1115 4473 esse
1128 4405 1248 4496 palam
1257 4401 1433 4494 profitear,

316 4526 441 4619 utique
464 4525 646 4619 equidem,
674 4528 702 4597 si
725 4525 789 4596 has
812 4505 1038 4606 Ptolemaei,
1067 4521 1276 4595 Aristoboli
1288 4532 1324 4593 ot
1341 4522 1438 4593 Osa.
