3300 5600
237 391 342 468 wius,
366 387 533 478 usquein
546 386 776 477 interpratum
789 386 883 455 uotis
895 385 1012 454 ullum
1026 388 1200 456 auxilium
1216 388 1353 479 praesto

231 525 295 587 est.
323 512 481 585 Priorem
504 520 660 602 partem,
687 530 732 578 ne
754 508 857 580 litera
877 509 1021 603 quidem
1034 514 1353 607 mutatasrostitui

230 654 333 733 posse
350 658 487 716 censeo,
510 631 710 703 scribendo:
733 625 961 723 κατ’ἅρίστην,
979 630 1234 726 ὀρθήνΔοῦρις.
1259 634 1353 708 Eno.

230 764 321 833 tavit
343 756 643 854 Lexioographus‚
661 756 843 826 'Duridem
864 757 996 826 alicubi
1021 751 1089 824 κατ’
1108 750 1239 850 ἀρίστην
1258 783 1353 853 «op-

230 890 319 961 timo
338 862 459 964 modo,
488 884 650 975 optime»
677 881 821 962 dixisse,
845 878 969 950 eodem
982 881 1200 953 substantivo
1213 876 1351 967 omisso,

229 1010 330 1105 quod
360 1009 405 1079 ad
432 1002 538 1098 ὀρθήν
561 1009 678 1077 omitti
704 1005 840 1077 dorent.
867 1004 1001 1074 Eodem
1022 1007 1193 1077 vocabulo
1219 1007 1352 1104 sigulfi-¹

230 1137 324 1206 oatio
348 1142 509 1229 aqourate
531 1131 668 1202 reddita
687 1142 749 1201 est.
773 1130 926 1223 Reliqua
945 1152 987 1199 ex
1011 1130 1128 1224 glossa
1148 1130 1353 1225 deprompta

229 1270 337 1340 suut,
362 1282 435 1353 qua
456 1255 702 1327 illustrabatur
719 1257 831 1325 rarius
845 1251 992 1345 aliquod
1005 1257 1236 1338 vocabulum,
1257 1257 1354 1350 quod

229 1385 416 1469 literarum
450 1379 684 1451 similitudine
711 1379 815 1451 laoile
850 1401 931 1447 oum
954 1371 1022 1444 κατ’
1033 1372 1166 1470 ἀρίστην
1185 1381 1354 1452 confundi

230 1517 378 1601 poterat.
416 1503 507 1575 Indo
532 1506 669 1575 librarii
692 1526 802 1593 error,
830 1502 941 1573 oculis
966 1501 1009 1571 ab
1032 1525 1105 1571 uno
1125 1502 1291 1575 lemmata
1315 1509 1354 1575 iu

229 1633 386 1703 alterum
410 1630 663 1723 aberrantibus.
691 1626 736 1697 Et
755 1629 872 1698 risina
884 1627 1010 1696 saltem
1022 1627 1125 1719 plura
1139 1640 1350 1721 suppetunt:

226 1746 467 1843 καταρράκτης,
500 1777 531 1823 v.
567 1746 673 1845 Soph.
704 1752 745 1822 fr.
776 1747 846 1821 641
873 1731 1049 1820 lliudssox
1073 1750 1266 1846 Hesychio‚
1292 1754 1354 1823 sod

226 1868 558 1970 naroodnmcEtym.
574 1872 667 1945 Gud.
680 1871 762 1944 302.
778 1871 841 1957 58,
856 1897 1007 1967 quorum
1019 1886 1139 1945 utrum
1151 1877 1278 1946 melius
1291 1881 1350 1959 sit,

227 1997 422 2091 dijudicari
443 2002 584 2093 nequit:
611 2006 643 2069 ν.
669 1998 818 2069 Lobeolr.
841 1997 946 2092 Sopls
966 1997 1027 2090 Aj.
1048 1994 1120 2067 290
1139 2024 1174 2092 p.
1198 1997 1262 2069 191
1278 2024 1351 2094 sq.;

226 2113 393 2211 κατάρης,
416 2122 460 2193 do
482 2147 554 2217 quo
574 2122 832 2216 Aristophanes
851 2131 913 2216 ap.'
932 2122 1029 2193 Eust.
1056 2122 1162 2192 Iliad.
1182 2119 1266 2193 603.
1281 2120 1349 2194 34:

225 2237 267 2309 τὸ
294 2246 569 2334 συνεστραμμένον
594 2247 722 2332 πνεῦμα
741 2246 795 2312 καὶ
814 2238 1014 2336 κατάρασσον
1038 2239 1182 2331 ἄνεμον
1204 2240 1353 2338 sardos]

227 2363 377 2451 λέγουσιν
401 2361 420 2434 ὁ
444 2361 594 2460 ’Alacrior
622 2367 676 2433 καὶ
702 2362 722 2455 ἡ
752 2362 900 2459 Σαπφώ,
925 2363 979 2437 tul
1002 2361 1041 2435 ad
1060 2369 1235 2458 κατωφερῆ
1253 2361 1354 2459 ὁρμήν

228 2494 324 2582 ἔχειν.
356 2499 512 2597 longius
542 2501 675 2573 distant
704 2492 816 2581 κατᾶϊξ
840 2510 876 2569 et
900 2500 1056 2588 καταιγὶς,
1084 2503 1169 2572 item
1193 2504 1353 2583 novatus}

229 2611 374 2710 ὄμβρος,
395 2617 668 2695 summotonus.
689 2622 838 2716 Hesyoh.
863 2648 888 2694 s.
911 2648 942 2694 v.
970 2624 1089 2716 Ipsam
1103 2637 1352 2697 autamvocem
