3300 5600
779 617 839 678 157

274 789 339 853 illum
355 801 384 852 et
398 787 565 853 Charetem
581 786 705 872 legerit.
739 787 852 866 Duris,
878 789 1008 872 opinor,
1028 791 1059 852 in
1078 789 1369 858 Macedonicorum

272 894 338 958 libris
355 893 394 958 de
415 895 499 959 fastu
515 891 686 957 Alexandri
705 895 745 960 ld.
766 915 944 980 exponens,
969 893 1030 959 hoc
1050 897 1267 982 gravissimum
1283 910 1370 964 attu·
1472 896 1474 903 ’

271 999 330 1065 lerat
345 1001 417 1065 elati
434 1001 531 1065 animi
547 1010 787 1085 argumentum,
812 1011 849 1064 ut
868 1002 924 1086 qui
941 1012 1031 1066 antea
1049 1003 1177 1083 amicis,
1199 1014 1261 1069 tam
1281 1015 1371 1070 exte-

269 1106 299 1168 ris
320 1129 410 1194 quam
431 1106 662 1193 popularibus,
687 1107 789 1170 amice
809 1108 1003 1192 scripsisset,
1027 1106 1114 1173 idem
1135 1111 1227 1174 Asiae
1248 1111 1366 1189 victor,

267 1215 346 1296 posita
361 1224 466 1278 retere
483 1212 681 1277 observantia
690 1233 727 1277 ac
744 1212 959 1292 humanitate,
978 1213 1141 1279 solennem
1157 1213 1217 1282 τοῦ
1233 1213 1369 1303 Χαίρειν

265 1317 414 1386 sornrulam
432 1321 465 1382 in
484 1318 631 1404 Epistolis
652 1340 728 1404 prae
745 1320 1083 1405 superbiaomisisset,
1104 1322 1163 1383 nisi
1182 1320 1269 1407 quod
1289 1320 1368 1385 duos

261 1423 288 1486 in
306 1426 408 1510 primis
426 1422 628 1511 excipiendos
650 1436 808 1510 putasset,
832 1425 1052 1511 Antipatrum,
1078 1447 1174 1512 quem
1197 1427 1288 1512 regni
1308 1427 1368 1490 rni-

262 1531 377 1597 nistrum
398 1534 431 1597 in
452 1530 634 1596 Macedonia
654 1531 854 1616 reliquisset,
879 1543 911 1596 et
931 1532 1144 1611 Phocionem,
1169 1543 1300 1618 propter
1318 1534 1368 1595 in·

261 1637 365 1724 signem
392 1661 519 1704 morum
546 1637 736 1724 probitatem
763 1640 1027 1723 spectatissimum
1045 1639 1106 1725 ipsi
1125 1639 1240 1706 virum.
1276 1637 1366 1701 Scri-

261 1744 343 1824 pserit
365 1746 466 1832 igitur
490 1744 605 1822 Duris,
629 1744 673 1808 ita
696 1745 764 1807 lere
788 1755 824 1807 ut
843 1744 968 1810 volebat
986 1744 1072 1811 doct.
1092 1767 1120 1811 r.
1142 1746 1227 1811 Gent
1246 1767 1278 1830 p.
1303 1747 1364 1807 11:

260 1833 397 1935 Ἀφεῖίεν
410 1840 626 1935 Ἀλέξανδρος
642 1847 705 1912 τῶν
721 1839 900 1913 ἐπιστολῶν
913 1842 951 1913 τὸ
966 1847 1113 1936 Χαίρειν,
1128 1841 1212 1937 πίὴν
1226 1839 1258 1913 ἒν
1273 1839 1367 1922 ὅσαις
1475 1839 1481 1852 ’

259 1947 366 2049 ἔγραφε
387 1957 536 2027 Φωκίωνι
548 1957 602 2024 καὶ
619 1949 850 2047 Ἀντιπάτρῳ·
871 1950 1007 2034 τούτους
1025 1957 1062 2026 δὲ
1076 1951 1193 2044 μόνους
1210 1952 1293 2043 μετὰ
1307 1959 1367 2026 τοί

260 2059 377 2150 Χαίρειν
393 2051 627 2151 προσηγόρευε.
655 2065 746 2146 Quae
764 2064 814 2128 rel
833 2065 893 2129 alia
911 2065 1072 2130 simillima
1089 2066 1121 2128 in
1137 2066 1220 2130 libro
1237 2056 1375 2130 Doridis

260 2161 327 2232 lecta
343 2190 401 2234 cur
418 2189 482 2232 non
499 2170 622 2255 integra
639 2171 813 2235 reddiderit
832 2170 1041 2250 Plutarchus,
1065 2193 1130 2236 non
1147 2170 1259 2236 eodem
1277 2185 1365 2237 certe

261 2273 412 2340 rethorum
432 2273 562 2355 ordine,
587 2298 680 2343 causa
698 2279 732 2341 in
747 2289 857 2364 aperto
875 2290 931 2344 est.
964 2280 1010 2342 Eo
1027 2279 1131 2357 enim,
1156 2300 1253 2365 quem
1269 2301 1365 2364 supra

259 2373 484 2469 descripsimus,
508 2383 580 2448 loco
607 2406 671 2449 non
692 2384 732 2449 de
749 2383 920 2450 Alexandri
941 2387 1035 2450 rebus
1057 2397 1088 2449 et
1109 2386 1237 2471 ingenio
1256 2385 1364 2449 absol·
1455 2450 1458 2457 ,

256 2481 308 2565 tit,
323 2489 374 2553 sed
392 2489 562 2557 Phocionis
576 2491 689 2555 scribit
705 2493 819 2571 vitam,
839 2490 1006 2557 Phocionis
1022 2492 1127 2580 pingit
1142 2514 1264 2571 mores,
1283 2491 1365 2556 Pho·

257 2588 340 2658 rionis
363 2596 494 2682 politica
514 2598 643 2682 exponit
665 2598 814 2678 consilia,
840 2597 881 2662 ad
900 2597 1113 2679 Phocionem,
1134 2620 1216 2685 quae
1238 2611 1362 2677 narrat,

256 2698 425 2766 referuntur
454 2703 570 2769 omnia.
610 2705 723 2790 ltaque
754 2725 770 2767 e
800 2705 872 2769 loco
899 2704 1046 2784 Duridis,
1078 2703 1117 2768 de
1145 2705 1305 2770 Phocione
1333 2718 1364 2769 et

253 2797 409 2895 Antipatro
435 2810 531 2876 simul
556 2813 698 2897 agentis,
731 2833 767 2876 ea
793 2812 990 2896 potissimum
1018 2811 1211 2876 Plutarchus
1229 2812 1360 2898 selegit,

253 2924 325 2991 quae
350 2917 479 3004 qualem
506 2928 729 3005 quantumque
754 2917 908 2984 honorem
931 2918 1084 2984 Phocioni
1107 2916 1285 2983 Alexander
1306 2916 1365 2982 ba-

250 3007 360 3088 brissei
379 3023 596 3102 declararent,
621 3016 667 3099 oio
679 3022 780 3109 μέγας
795 3013 960 3109 γενόμενος
976 3021 1030 3087 καί
1044 3019 1186 3110 Δαρείου·
1205 3015 1365 3109 κρατήσας

250 3117 357 3219 ἀφεῖλε
377 3136 440 3200 τῶν
460 3126 639 3201 ἐπιστολῶν
654 3128 694 3201 τό
712 3133 858 3222 Χαίρειν,
880 3125 963 3222 πλήν
981 3126 1014 3199 ἓν
1032 3125 1125 3207 ὅσαις
1143 3126 1268 3221 ἔγραφε
1291 3140 1365 3198 oo-

248 3232 338 3305 atavi.
367 3242 476 3323 Quum
494 3263 569 3307 rero
585 3241 696 3319 Duris,
721 3238 807 3328 quod
821 3240 938 3306 Chares
955 3259 1085 3327 quoque
1102 3237 1285 3317 addiderat,
1309 3261 1365 3325 pa·

248 3359 310 3411 tem
329 3344 644 3436 honoremlhabitum
665 3347 774 3412 luisse
784 3347 951 3433 Antipatro
968 3346 1162 3432 scripsisset,
1188 3344 1275 3432 quod
1293 3346 1365 3430 qui·

248 3446 312 3516 dem
329 3475 423 3519 nemo
440 3456 536 3521 facile
554 3453 746 3534 dubitasset,
770 3453 805 3518 id
822 3454 927 3539 ipsum
944 3453 1030 3520 haud
1046 3449 1363 3539 praetermittendum

245 3570 344 3639 ratus,
378 3561 568 3628 Plutarchus
600 3561 709 3627 statim
734 3561 868 3646 pergit:
899 3558 1012 3624 τοῦτον
1035 3556 1072 3623 δὲ
1098 3546 1203 3641 μόνον,
1227 3548 1364 3642 ὥσπερ
1413 3575 1422 3603 ·

244 3652 511 3753 Ἀντίπατρον,
538 3659 621 3749 μετα
646 3666 704 3732 τοῦ
727 3661 865 3752 Χαίρειν
886 3652 1121 3751 προσηγόρευε.
1153 3663 1243 3744 Quae
1269 3661 1371 3755 rerba*

243 3779 363 3834 tantum
383 3771 472 3835 abest
484 3766 529 3837 'ut
548 3772 676 3838 inficeta
694 3770 840 3835 laborent
855 3765 1047 3851 ταοτοίσγίᾳ
1065 3766 1108 3856 (r.
1125 3769 1209 3835 Gent
1227 3790 1260 3854 p.
1282 3765 1363 3852 tt),

243 3879 291 3941 rel
309 3876 349 3941 de
367 3876 487 3942 honore
505 3877 671 3944 Phocionis
688 3872 1067 3965 quidquamldetrahant,
1085 3885 1121 3939 ut
1137 3887 1168 3939 et
1178 3875 1267 3960 prius
1278 3874 1365 3938 dicta

243 3984 403 4069 corrigant
424 3994 457 4048 et
479 3983 590 4049 laudes
617 3983 785 4055 Phocionis
809 4002 906 4069 quam
927 3982 1062 4046 maxime
1084 3990 1238 4067 augeant3
1263 3980 1365 4066 siqui-

243 4090 312 4156 lem
341 4090 480 4155 victoriis
505 4090 590 4154 elato
618 4090 700 4177 Regi
724 4088 950 4154 Atheniensem
975 4086 1169 4152 Phocionem
1194 4085 1305 4151 eodem
1331 4088 1365 4150 in

243 4199 360 4261 honore
378 4198 548 4283 pretioque
563 4197 659 4260 luisse
678 4208 828 4283 apparet,
853 4216 917 4281 quo
929 4192 1132 4259 Macedonem
1142 4193 1363 4279 Antipatrum,

243 4301 296 4389 qui
323 4302 421 4387 ipsius
445 4303 573 4367 nomine
601 4303 696 4367 rebus
725 4301 871 4389 gerendis
896 4300 929 4364 in
950 4301 1078 4385 Europa
1095 4308 1264 4386 praeesset.
1298 4300 1365 4363 Nec

243 4406 340 4472 multa
361 4428 456 4492 opera
481 4408 612 4473 solvitur
634 4409 727 4472 simul
750 4408 914 4494 quaestio,
947 4428 1045 4493 quam
1063 4407 1197 4491 primam
1217 4405 1365 4492 proponit

243 4535 268 4580 r.
286 4514 371 4577 Gent
387 4536 419 4599 p.
439 4515 479 4578 10
490 4536 558 4601 sq.,
580 4537 644 4579 <ran
661 4515 728 4579 ullo
744 4526 839 4600 pacto
855 4513 984 4610 defendi
1003 4513 1100 4600 possit
1117 4514 1244 4599 vulgata
1254 4512 1362 4591 lectio,

243 4618 415 4683 secundum
439 4640 536 4705 quam
555 4619 733 4686 Alexander
753 4620 946 4685 Phocionem
973 4620 1101 4698 solum,
1132 4621 1187 4684 uti
1209 4617 1364 4703 Antipo-
