3300 5600
762 626 822 688 ttl

252 802 437 886 acquiescere
452 798 637 865 subvereor.
661 797 811 862 Studium
823 795 985 884 quoddam
998 796 1363 884 delectandietgratiam

250 903 386 970 lectorum
408 904 556 991 captandi
574 903 701 970 Chareti
720 925 890 968 commune
910 903 1007 967 fuisse
1028 926 1102 968 curn
1120 904 1360 984 omnibusfere,

249 1013 294 1096 qoi
309 1012 345 1076 de
355 1011 535 1078 Alexandro
547 1011 762 1096 scripserunt,
787 1011 885 1075 nolim
897 1008 1028 1096 quidem
1038 1011 1216 1096 praefracte
1227 1032 1361 1098 negare,

247 1115 299 1182 imo
322 1120 353 1181 iu
378 1118 489 1204 primis
512 1117 542 1181 ei
561 1116 730 1203 proprium
750 1116 846 1180 fuisse
872 1114 934 1200 ajo;
967 1113 1023 1179 sed
1045 1116 1237 1202 perdecem
1264 1118 1362 1184 libros

247 1221 369 1311 integros
391 1223 486 1287 merie
503 1223 749 1287 narratiunculis
761 1221 976 1300 delectatum,
997 1243 1061 1286 non
1072 1223 1173 1310 magis
1182 1223 1274 1289 illum
1286 1246 1363 1290 con·

247 1328 351 1395 lincam
377 1328 501 1393 dedisse
528 1327 700 1394 Alexandri
729 1327 916 1408 historiam,
943 1348 1040 1416 quam
1071 1328 1176 1414 capita
1205 1329 1362 1416 quaedam

245 1433 448 1501 oblectationis
469 1434 571 1522 gratia
581 1435 720 1515 selecta,
744 1435 856 1521 iniqua
871 1445 919 1499 est
928 1434 1126 1514 criminatio,
1147 1454 1363 1524 quamneqne

244 1539 316 1607 aliud
338 1543 554 1628 fragmentum
579 1551 734 1606 sustentat
763 1540 886 1621 ullum,
915 1562 1021 1628 neque
1040 1541 1095 1605 ille
1117 1541 1207 1626 ipse,
1226 1543 1283 1627 qui
1303 1565 1362 1628 pro

244 1648 411 1732 gravissimo
436 1658 625 1734 argumento
648 1647 800 1727 affertur,
820 1648 1073 1733 elegantissimus
1095 1643 1215 1727 μῦθος.
1244 1647 1361 1714 Parum

244 1757 331 1820 tenuit
349 1752 620 1841 Sauetocrueius,
644 1764 802 1840 quantum
816 1752 996 1818 istiusmodi
1015 1751 1140 1837 μῦθοι,
1161 1772 1199 1817 ex
1209 1751 1363 1821 interiore

244 1862 372 1943 gentium
396 1859 528 1925 historia
546 1858 746 1948 deprompti,
771 1859 896 1926 valeant
911 1858 951 1924 ad
969 1880 1076 1924 veram
1093 1880 1203 1924 earum
1221 1858 1362 1926 indolem

244 1967 354 2048 penitus
380 1963 657 2053 cognoscendam,
690 1957 846 2053 dignique
876 1964 956 2030 adeo
977 1976 1009 2029 et
1027 1964 1207 2030 habeantur
1231 1976 1263 2030 et
1279 1966 1361 2047 sint,

244 2070 272 2136 td
293 2073 371 2161 quos
390 2071 532 2137 studiose
554 2072 697 2137 advertat
718 2072 876 2153 animum,
901 2071 954 2136 eui
966 2071 1068 2154 majus
1078 2069 1156 2158 quid
1169 2092 1266 2157 quam
1276 2070 1362 2140 nuda

244 2199 336 2244 rerum
363 2179 576 2267 plurimarum
602 2179 745 2244 recensio
772 2177 919 2243 videatur
949 2176 1093 2244 historia.
1122 2177 1192 2241 lllis
1220 2198 1315 2259 vero,
1336 2174 1376 2244 si'

244 2287 302 2369 quis
321 2286 422 2365 alius,
441 2285 517 2369 jure
543 2283 758 2351 accensendus
781 2296 829 2350 est
845 2281 1003 2350 Zariadris
1022 2294 1054 2348 et
1073 2282 1218 2351 Odatidis
1236 2283 1363 2367 pri-foc,

243 2409 288 2472 per
305 2404 404 2457 totam
422 2393 530 2457 Asiam
548 2391 593 2456 ita
611 2391 894 2473 celebratissimus,
918 2403 954 2455 ut
970 2390 1152 2455 etomnium
1162 2411 1216 2454 ore
1223 2389 1362 2454 ferretur

243 2507 267 2560 et
295 2499 404 2587 quovis
427 2497 544 2564 idoneo
562 2497 656 2578 loco,
677 2498 712 2562 in
730 2498 874 2583 templis,
898 2497 995 2585 regiis
1017 2496 1213 2584 privatisque
1229 2494 1362 2561 aedibus

243 2620 303 2668 rum
331 2603 529 2692 pingendum
558 2615 729 2684 curarent,
759 2606 838 2692 quin
857 2603 1040 2691 principum
1060 2602 1209 2690 plerique
1225 2603 1258 2685 in
1276 2594 1362 2688 piam

243 2703 373 2776 horridis
399 2712 586 2777 memoriam
610 2709 651 2775 de
681 2709 778 2794 hujus
798 2711 927 2776 nomine
944 2709 1025 2774 filias
1041 2708 1251 2796 appellarent.
1273 2706 1366 2793 ‚Talia

243 2827 335 2884 rutam
362 2818 578 2906 cognoscendi
600 2841 637 2884 ex
661 2819 809 2884 omuibus
833 2816 1008 2884 Alexandri
1024 2816 1183 2883 historicis
1200 2812 1282 2881 nulli
1299 2815 1364 2884 for·

243 2929 310 2989 tasse
328 2925 429 3009 major
448 2936 494 2989 est
509 2925 592 2991 facta
612 2926 723 3011 copia,
747 2945 846 3011 quam
867 2924 1011 3022 Chareti,
1032 2921 1291 3011 quamdiuturno
1304 2944 1364 2988 usu

243 3035 326 3117 {tque
350 3032 384 3096 in
408 3032 514 3112 Darii,
537 3032 563 3096 si
582 3042 670 3097 recte
688 3031 833 3114 conjeci,
856 3032 929 3097 aula
951 3030 1200 3095 commoratione
1220 3049 1295 3094 cum
1313 3048 1365 3094 ra·

243 3130 350 3200 &iarum
367 3123 510 3224 gentium
526 3137 687 3217 moribus,
707 3136 804 3201 saeris
812 3136 1028 3223 civilibusque
1037 3134 1208 3214 institutis,
1225 3126 1366 3217 μύθοις,

244 3245 380 3308 nteriore
408 3246 537 3310 omniuo
561 3243 744 3310 conditione
770 3243 1020 3309 familiaritatem
1051 3242 1260 3309 contraxisse·
1277 3237 1364 3304 haud

243 3348 394 3436 tulgarem
410 3352 600 3437 putaverim.
621 3350 746 3434 Quibus
762 3350 895 3437 singulis
912 3349 1024 3440 sedulo
1044 3349 1078 3413 in
1098 3349 1207 3414 literas
1224 3348 1364 3436 referen-

243 3442 280 3519 lis
300 3456 435 3538 Chares,
455 3469 492 3523 ut
508 3479 758 3534 commemorare
777 3457 871 3543 plura
891 3456 1026 3537 debuit,
1052 3477 1135 3544 quae
1157 3455 1197 3520 ab
1215 3453 1366 3520 historiae

242 3564 385 3640 {raritate
409 3564 578 3648 paululum
606 3562 756 3630 recedere
784 3562 971 3642 rideantur,
995 3563 1040 3629 ita
1061 3549 1166 3627 tamen
1181 3561 1255 3639 illo,
1277 3556 1366 3647 quod

242 3661 317 3749 liri,
341 3671 468 3734 nomine
490 3667 530 3733 de
545 3670 676 3736 historia
694 3671 763 3754 ipsa
783 3670 865 3733 bene
883 3670 1070 3755 promeruit.
1093 3669 1160 3734 Nec
1179 3688 1239 3753 pro
1254 3665 1366 3752 paucis

242 3772 417 3862 'regmentis
444 3797 534 3840 rarae
565 3789 657 3857 suut,
691 3778 812 3854 fateor,
845 3796 929 3862 quae
955 3774 994 3839 ad
1015 3772 1233 3840 Alexandrum
1249 3771 1367 3837 aliosve

246 3891 376 3971 pectant
401 3882 670 3949 narratiunculae.
701 3884 768 3947 Hae
787 3893 890 3961 vero,
907 3881 932 3945 si
953 3892 1041 3945 recte
1055 3878 1189 3965 judico,
1214 3876 1367 3977 explicari

242 3988 352 4075 »ptime
384 4000 515 4074 possunt
540 4011 557 4052 e
574 3990 706 4054 consilio
726 3987 889 4067 Charetis,
913 4009 978 4075 quo
1001 3988 1034 4052 in
1052 3987 1182 4051 historia
1198 3980 1368 4050 scribenda

242 4117 297 4159 ron
319 4095 519 4180 potissimum
542 4107 642 4159 terras
670 4106 851 4181 peragratas
872 4092 1135 4179 attenditdeque
1157 4092 1256 4178 captis
1276 4090 1367 4154 urbi-

242 4222 293 4266 rus
310 4211 343 4263 et
358 4201 507 4287 gentibus
525 4199 658 4265 devictis
675 4203 841 4287 exposuit,
865 4198 996 4265 sedtum
1007 4198 1272 4264 borumomnium
1283 4216 1368 4282 quae

242 4307 370 4373 naxime
397 4305 536 4374 ducebat
568 4308 788 4373 memorabilia
817 4307 988 4394 diligenter
1015 4306 1164 4391 collegit,
1194 4314 1263 4368 tum
1290 4321 1366 4365 vero

242 4433 344 4478 'erum
363 4410 609 4480 domesticarum
626 4415 828 4499 etprivatae‚
852 4412 1083 4501 quaedieitur,
1107 4408 1368 4476 Alexandrivitae
1422 4421 1428 4437 ‘

242 4530 385 4586 recurate
404 4520 557 4584 rationem
575 4521 699 4587 habuit.
729 4521 903 4608 Utcunque
919 4541 952 4584 se
971 4518 1067 4583 habet
1086 4539 1154 4596 res,
1178 4514 1258 4580 hacc
1272 4512 1368 4579 facile

242 4626 363 4711 cogitur
381 4648 398 4688 o
417 4626 602 4712 fragmentis
620 4651 760 4706 summa,
787 4626 874 4712 quod
892 4647 950 4691 nec
962 4621 1366 4715 Sanctocruciusnegavit,
