3300 5600
307 2304 373 2383 ille
394 2327 479 2374 auae
496 2327 570 2374 non
588 2303 746 2385 addidit,·
767 2305 806 2372 iu
830 2302 954 2372 ludioe
978 2303 1255 2398 fragmentorum
1268 2303 1342 2372 alia
1355 2325 1425 2372 nou

308 2427 493 2510 indicavit,
514 2429 586 2498 alia
599 2428 643 2498 ad
664 2419 909 2498 Ptolemaeum
922 2425 1046 2521 Lugii.
1062 2427 1298 2499 falsoretulit.
1326 2426 1426 2519 Quae

307 2563 347 2622 tu
365 2551 510 2646 quidem
528 2574 601 2622 non
619 2574 660 2622 eo
685 2552 870 2623 oonsilioa
890 2574 947 2620 me
967 2549 1062 2621 diota
1083 2553 1247 2644 putabis,
1270 2562 1311 2621 ut
1333 2554 1425 2622 vitu·

307 2676 463 2769 parando
498 2672 665 2748 Geierum
695 2679 739 2749 de
769 2674 879 2769 hujus
906 2676 1072 2746 laudibus
1096 2676 1293 2771 quidquam
1315 2675 1426 2746 detra·

307 2797 392 2871 here
426 2802 604 2897 simulque
634 2802 722 2874 mihi
748 2804 887 2897 aliquas
904 2825 1027 2895 parare
1038 2804 1198 2895 cupiam3
1220 2801 1280 2873 odi
1301 2824 1428 2874 vanam

308 2927 413 2996 irtam
424 2930 660 3023 arrogantiam
671 2938 706 2999 et
719 2930 860 2998 inanem
874 2926 1072 3023 gloriolam,
1088 2927 1240 2997 aliorum
1252 2928 1427 3020 vituperio

309 3048 564 3143 quaerendam
589 3049 656 3122 tibi
680 3061 820 3123 tautum
841 3055 995 3122 rationes
1013 3050 1168 3133 reddidi,
1194 3074 1257 3120 our
1280 3050 1324 3120 de
1345 3050 1429 3120 Pto·

307 3171 443 3243 lemaeo
469 3177 577 3245 etiam
601 3185 680 3269 post
710 3172 880 3248 Geierum
908 3176 1101 3268 disceptare
1131 3177 1429 3269 operaepretium

308 3318 383 3367 ease
403 3296 574 3369 duxerim.
599 3300 672 3371 Neo
687 3297 812 3370 dubito
832 3302 920 3394 quin
934 3298 1000 3372 Vir
1013 3297 1126 3382 Boot„
1145 3298 1252 3372 modo
1264 3301 1429 3369 seriorem

308 3416 348 3492 in
375 3444 511 3492 annum
543 3446 700 3517 premere
730 3426 1063 3496 eommantatiouem
1092 3425 1149 3495 vel
1178 3424 1346 3495 voluisset
1372 3422 1430 3494 vel

308 3549 496 3640 potuisset,
523 3550 646 3619 multis
670 3548 715 3619 da
734 3551 855 3632 rebus,
874 3549 1014 3643 abjecte
1037 3559 1152 3619 vetera
1175 3548 1365 3627 sententia,
1391 3548 1430 3615 iu

309 3671 382 3742 alia
404 3674 524 3742 omnia
543 3674 705 3774 abiisset,
731 3674 908 3770 quaedam
926 3684 1064 3754 autem,
1090 3695 1183 3767 quae
1207 3674 1284 3765 ejus
1304 3671 1431 3741 libello

308 3795 569 3879 mederum,
593 3800 720 3871 iterata
744 3822 845 3883 aura,
872 3796 1069 3893 supplenda
1093 3796 1247 3867 vidisset„
1273 3788 1430 3883 Kp'vsspo.

308 3925 391 3999 τοῖς,
411 3930 454 3993 ut
473 3921 594 4013 ajunt,
615 3922 651 3991 ai
670 3916 821 4013 δεύτεραί
834 3946 908 4000 πως
919 3922 1094 4014 φροντίδες
1104 3913 1301 4012 σοφώτεραι,
1323 3917 1431 4010 Quod

309 4069 417 4139 quam
437 4046 637 4127 verumsit‚
664 4048 787 4139 reipee
800 4047 939 4139 saepius
950 4055 1113 4139 expertus
1123 4043 1235 4114 sentio
1247 4043 1431 4138 allatoque

309 4169 367 4240 vel
398 4194 441 4241 ex
469 4169 537 4240 huo
569 4192 649 4239 mea
677 4168 722 4239 de
748 4168 953 4241 Ptolemaeo
984 4168 1224 4262 disputatione
1249 4170 1429 4261 exemplo,

310 4293 407 4386 quod
428 4292 500 4364 huo
521 4293 782 4387 quodammodo
805 4296 976 4387 pertinet,
1001 4294 1123 4364 atatim
1148 4292 1214 4361 tibi
1239 4292 1405 4383 probabo.

360 4418 399 4487 Si
417 4419 526 4514 igitur
548 4441 686 4488 mecum
702 4418 871 4490 evolveris
894 4412 1110 4513 paginam6‚
1138 4437 1209 4509 quo
1222 4415 1300 4485 loco
1314 4417 1433 4509 Satyri

311 4542 487 4635 scriptoris
497 4544 734 4638 fragmentum
744 4542 887 4615 laudavi
899 4542 944 4613 de
952 4563 1078 4638 genera
1086 4539 1290 4623 Ptolemaei,
1302 4540 1432 4610 frustra
