3300 5600
841 574 902 635 122

300 772 334 836 p.
353 753 436 829 274,
462 761 493 814 et
511 770 564 834 ap.
586 745 678 812 Diod.
699 746 763 813 Sic.
784 748 829 815 ΙΙ.
856 749 890 815 9.
911 747 970 813 uti.
989 746 1097 830 Intpp.
1120 743 1159 810 ad
1181 745 1304 813 belian.
1329 745 1367 813 V.
1399 753 1435 819 II,

299 859 398 934 XIII,
413 858 474 936 13,
501 853 656 919 Baebrius
680 851 719 916 ad
741 853 826 918 Ctaa.
841 854 980 942 fragm.
1004 875 1036 939 p.
1060 853 1124 916 154
1146 873 1194 938 sq.
1215 863 1248 916 et
1264 853 1432 923 Muellerus

298 965 466 1049 inopere,
491 960 580 1049 quod
602 961 762 1046 inscripsit
782 958 965 1026 Ανυλοσολ.
985 958 1017 1025 d.
1038 958 1190 1044 Kumt§
1215 961 1293 1026 236.
1316 961 1428 1026 Xerxes

298 1080 335 1149 ut
355 1091 373 1134 e
394 1070 531 1136 Graecia
555 1065 654 1131 redux
680 1067 850 1153 antiquum
872 1067 956 1131 illud
978 1066 1048 1131 Beli
1067 1078 1313 1131 monumentum
1336 1069 1424 1131 sacri·

298 1175 385 1262 legio
412 1175 540 1240 violavit
568 1172 697 1260 (Herod.
730 1174 756 1239 I.
793 1171 898 1260 183),
927 1174 971 1237 ita
1003 1174 1098 1236 etiem
1127 1171 1267 1257 perfodit
1300 1170 1419 1260 (belian.

298 1283 322 1348 I.
353 1280 390 1367 l.)
422 1281 472 1345 vel
500 1282 606 1366 potius
630 1279 786 1344 destruxit
813 1291 931 1360 totum;
964 1277 1051 1366 quod
1076 1290 1109 1343 et
1128 1278 1161 1344 h.
1186 1278 1209 1343 l.
1233 1279 1418 1344 Aristobolus
1473 1315 1474 1323 ν

298 1388 434 1453 affirmat
450 1399 481 1452 et
498 1407 536 1452 ex
557 1387 688 1465 eodem,
709 1397 745 1450 ut
764 1387 895 1473 quidem
915 1385 1053 1465 videtur,
1070 1385 1184 1450 Strabo
1203 1386 1279 1453 xvl
1294 1406 1327 1472 p.
1347 1387 1416 1449 1073
1472 1419 1474 1423 ·

298 1496 324 1561 Β
348 1516 356 1559 :
383 1485 469 1559 ’Ἐστι
497 1489 535 1557 δὲ
563 1490 617 1556 καὶ
651 1481 671 1556 ὁ
703 1481 811 1581 Βὴλου
843 1481 965 1580 τάφος,
1002 1489 1055 1554 νῦν
1082 1486 1140 1571 μέν
1165 1487 1415 1571 κατεσκαμμένος,

297 1597 424 1686 Ξέρξης
448 1586 575 1662 δἀέτόν
596 1582 808 1674 κατεσπᾶσεν,
834 1586 880 1668 ὥς
904 1617 1013 1682 φασιν,
1039 1595 1094 1659 ubi
1118 1596 1233 1658 iterato
1259 1595 1354 1659 verbo
1373 1616 1416 1658 aa·

297 1691 504 1776 τασκυλπτειν,
534 1699 621 1788 quod
647 1691 798 1764 Arrianus
825 1720 957 1786 quoque
980 1701 1132 1780 retinuit,
1161 1721 1221 1787 pro
1238 1697 1417 1765 κατέσπασεν

297 1808 434 1895 legerim
461 1803 672 1894 κατέσκαψεν.
711 1809 781 1871 lam
810 1808 916 1870 statim
947 1819 1116 1893 postquam
1144 1807 1339 1894 Babylonem
1363 1803 1415 1890 pri·

297 1936 386 1979 mum
421 1912 576 1991 venisset,
624 1912 842 2004 Alexandrum
875 1912 986 2000 teu'ipli
1029 1915 1228 1978 restaurandi
1268 1912 1416 1979 consiliunt

298 2021 405 2084 iniisse
430 2029 610 2084 constater
632 2019 758 2086 Arrian.
780 2021 839 2086 III.
867 2024 917 2086 16.
944 2023 1006 2100 14;
1040 2021 1094 2085 sed
1117 2042 1219 2108 quum
1240 2020 1334 2094 multi
1353 2025 1418 2082 esset

299 2116 349 2193 res
375 2126 519 2212 negotii,
549 2125 704 2211 perlicere
729 2149 793 2191 non
824 2128 945 2212 potuit,
980 2139 1016 2192 ut
1046 2127 1162 2192 diserte
1184 2128 1300 2192 Strabo
1321 2126 1417 2190 docere

297 2233 425 2320 pergit,
458 2231 550 2315 cnjus
577 2232 675 2297 verba
701 2234 776 2320 quia
804 2233 882 2297 mihi
911 2233 1042 2319 quidem
1063 2234 1270 2299 vehementer
1293 2232 1417 2298 redolere

297 2339 519 2405 Aristobulnm
548 2338 710 2419 videntur,
740 2361 814 2404 cum
839 2340 966 2404 Arriani
988 2353 1074 2405 certe
1098 2353 1249 2427 excerpto
1272 2332 1417 2406 commode

297 2456 432 2534 possunt
454 2445 611 2524 conferri,
635 2447 760 2534 integra
778 2447 962 2511 adscribere
979 2447 1065 2513 baud
1082 2447 1200 2514 taedet.
1225 2435 1294 2512 Ἠν
1313 2441 1349 2512 δέ
1369 2460 1418 2506 πν-

298 2549 412 2639 ραμλς,
435 2551 560 2637 inquit,
584 2571 784 2638 τετραγωνος
809 2547 1157 2639 ἐξόπτῆςπλλνδου,
1184 2539 1419 2638 ecclesiarium

297 2652 390 2721 διαέα
408 2650 447 2721 cd
466 2649 566 2742 σ’ψος,
590 2652 743 2720 σταδιαία
763 2651 907 2719 δὲκαὶ
894 2678 1008 2743 encore
1028 2656 1092 2720 τῶν
1112 2647 1305 2743 πλευρῶν·
1294 2643 1333 2742 ἠν
1349 2640 1420 2716 Ἀλλ

297 2758 436 2876 ξανδρος
462 2749 613 2842 ἐβούλετο
641 2749 866 2825 σῖνασκευασαν.
891 2751 986 2825 Πυλυ
1011 2747 1080 2825 δ’
1062 2784 1099 2847 ην
1121 2754 1216 2849 ἔργον
1237 2781 1292 2824 και
1281 2740 1420 2822 πολλοῦ

297 2853 417 2952 χρόνου
447 2857 542 2952 (αὐτῇ
576 2884 637 2951 γαρ
669 2852 689 2949 ἦ
718 2862 797 2946 χοῦς
828 2860 876 2937 εἷς
907 2853 1126 2982 δυακαδαρσιν
1150 2861 1281 2951 μυρίοις
1305 2843 1420 2945 ανδρᾶσλ

298 2967 389 3032 δυοῖν
412 2967 520 3055 μηνῶν
540 2961 633 3055 ἔργον
653 2953 757 3052 ἦν)
736 2957 813 3029 ὥστ’
832 2989 890 3031 ουκ
912 2958 1005 3054 ἔφθη
1025 2990 1063 3031 το
1056 2958 1275 3091 ἕγχειρηδέν
1296 2950 1419 3030 ε’πντελλ

298 3090 369 3136 σαι·
391 3070 594 3158 παραχρῆμα
614 3092 676 3157 γαρ
698 3061 719 3157 ἦ
738 3059 833 3144 νόσος
850 3067 904 3134 καὶ
920 3060 940 3157 ἦ
956 3094 991 3134 τ
980 3062 1089 3159 λευτὴ
1106 3068 1265 3136 συνέπεσε
1281 3092 1327 3153 τῳ
1316 3067 1418 3179 γλοσλ

298 3174 358 3238 tes.
379 3176 570 3257 Quaerere
592 3174 641 3238 bis
661 3174 751 3239 addit
769 3174 914 3240 Strabo:
936 3165 1072 3239 saevom
1052 3194 1189 3262 υστερον
1202 3153 1419 3259 ουδειςὲρνρέν

297 3297 398 3360 τισεν,
434 3283 480 3345 ita
511 3281 689 3367 accipiam,
717 3292 753 3346 ut
783 3282 922 3368 antiquis
948 3280 1163 3346 fundamentis
1190 3300 1283 3343 nemo
1313 3284 1418 3339 vastum

299 3384 482 3452 aedificium
504 3388 745 3453 restaurandum
766 3390 927 3452 curaverit
953 3411 960 3451 :
980 3410 1053 3452 narn
1072 3398 1182 3473 postea
1200 3406 1313 3449 novam
1330 3397 1418 3447 resur·

299 3493 416 3557 rexisse
443 3495 513 3558 Beli
540 3494 671 3568 aedem,
707 3517 769 3559 non
795 3496 968 3560 obscurum
996 3507 1042 3558 est
1068 3516 1086 3557 e
1115 3492 1218 3558 Plinio
1252 3490 1321 3579 (vl.
1344 3481 1420 3571 db),

299 3597 339 3663 de
355 3600 520 3688 Babylone
536 3612 689 3667 testante:
713 3603 843 3667 «Durat
863 3600 968 3667 adbuc
989 3601 1034 3666 ibi
1054 3601 1138 3667 Joris
1157 3599 1226 3663 Beli
1239 3597 1420 3683 templum.»

791 3810 936 3881 XLVIII.

342 3986 470 4055 Arrian.
494 3989 568 4056 vlt.
593 3989 644 4055 18.
669 3994 739 4052 1-
753 3992 784 4054 5.
816 3984 882 4052 Kal
908 3982 1034 4049 τοιονδε
1054 4006 1125 4047 τινα
1116 3971 1242 4066 λόγον
1267 3970 1431 4069 Ἀριστό-

298 4085 497 4171 βουλος
474 4088 705 4181 αναγέγραφεν.
738 4080 987 4204 Ἀπολλόδωρρν
1014 4078 1070 4151 τὸν
1095 4076 1351 4202 Ἀμφιπολίτρν,
1375 4082 1434 4149 τῶν

299 4190 437 4283 ἑταίρων
462 4195 526 4261 τῶν
552 4185 779 4284 Ἀλεξανδρου,
808 4182 988 4312 στρατηγδν
1015 4189 1073 4276 τῆς
1094 4186 1265 4277 στρατιᾶς,
1286 4178 1325 4275 ἣν
1345 4177 1435 4275 παρὰ

249 4383 251 4386 ¹
298 4295 445 4382 Μαζαίῳ
463 4322 517 4422 τερ
498 4298 727 4382 Βαβυλῶνος
738 4287 893 4385 σατράπῃ
910 4286 1070 4361 ἆπέλιπεν
1084 4284 1309 4379 Ἀλέξανδρος,
1325 4281 1437 4377 ἐπειδὴ

299 4398 509 4484 συνέμιξεν
490 4393 653 4476 moredano
674 4395 764 4487 αὐτῷ
792 4398 827 4480 ἐξ
848 4391 958 4479 ’[νδοῖν,
984 4386 1111 4484 ὁρῶντα
1131 4394 1259 4483 πικρῶς
1277 4415 1438 4481 τιμωρου-

298 4526 394 4587 μενον
411 4499 495 4581 τούς
503 4525 696 4594 uerbenae,
718 4499 795 4578 ὅσοι
815 4525 863 4570 επ
860 4493 964 4589 ’ἄλλῃ
977 4498 1034 4568 καλ
1051 4491 1132 4586 ἄλλῃ
1146 4489 1240 4586 χώρᾳ
1251 4494 1438 4623 τεταγμένρι

296 4627 388 4693 ruer,
411 4607 590 4688 ἐπιστεῖλαι
613 4600 815 4697 Πειθαγόρᾳ
831 4607 880 4691 τρῖ
902 4598 1038 4693 δδελφῳ
1057 4593 1180 4699 (μαντιν
1201 4594 1262 4691 γὰρ
1282 4592 1364 4668 εἶναι
1382 4594 1440 4672 eda
