3300 5600
799 606 860 668 165

271 763 414 862 ρηίδησάν
432 795 468 837 τε
489 762 692 860 Ἡράκλειτός
712 795 748 837 τε
770 769 789 840 ό
815 778 1009 860 Ταραντῖνος
1029 774 1083 841 καὶ
1102 765 1388 865 Ἀριστοκροίτηςὸ
1424 767 1425 772 “

269 880 420 965 Θηβαῖος.
456 867 613 959 Αόλῳδοὶ
645 873 682 941 δὲ
711 875 885 964 παρῆλθον
911 867 1082 953 Διονύσιος
1109 873 1127 943 ὁ
1154 868 1388 967 Ἡρακλεώτης,

261 969 458 1067 Ὑπέρβολος
479 968 654 1066 Κυζικηνός
673 999 681 1015 ·
704 977 878 1066 παρῆλθον
898 976 936 1044 δὲ
956 978 1010 1044 καὶ
1032 972 1181 1068 αὐληταί,
1206 973 1242 1047 οἳ
1260 980 1391 1069 πρῶτον

260 1076 304 1150 τό
327 1077 478 1151 Πυθικόν
503 1073 653 1170 ηόλησαν,
685 1071 751 1145 εἶθ’
773 1077 848 1169 ἑξῆς
870 1073 954 1165 μεταλ
983 1081 1047 1147 τοῖν
1072 1081 1179 1171 χορῶν
1212 1074 1389 1165 Τιμόθεος,

263 1177 440 1274 Φρύνιχος,
468 1181 651 1274 Καφισίας,
679 1174 880 1272 Διόφαντος,
909 1177 957 1249 ἔτι
983 1182 1020 1249 δὲ
1044 1175 1142 1258 Εόῖος
1161 1177 1180 1249 ό
1201 1178 1390 1260 Χαλκιδεύς.

261 1287 332 1355 Καὶ
358 1284 467 1354 ἔκτοτε
493 1286 526 1354 οἱ
551 1277 712 1376 πρότερον
735 1276 924 1370 καλούμενοι
950 1275 1221 1362 Διονυσοκόλακες
1241 1279 1391 1368 Ἀλεξαν-

260 1383 458 1480 δροκόλακες
478 1381 671 1478 ἐκλήθησαν,
694 1382 749 1455 διὰ
767 1380 827 1464 τοῖς
842 1389 906 1454 τῶν
921 1381 1034 1478 δώρων
1047 1379 1249 1476 ὑπερβολαῖς,
1273 1382 1328 1479 ἐφ’
1342 1384 1391 1465 οἶς

258 1493 316 1560 καὶ
336 1485 427 1582 ἥσθη
448 1485 467 1559 ό
488 1484 713 1581 Ἀλέξανδρος.
732 1483 968 1580 -Ὑπεκρίθησαν
988 1490 1025 1559 δὲ
1044 1490 1207 1581 τραγῳδοὶ
1227 1491 1285 1570 μὲν
1308 1497 1392 1580 Θεσ-

259 1589 364 1671 σαλός
379 1595 434 1662 καὶ
448 1587 683 1684 Ἀθηνόδωρος
701 1593 756 1660 καί
776 1585 1044 1683 Ἀριστόκριτος,
1054 1594 1207 1679 κωμῳδοί
1223 1593 1261 1662 δὲ
1273 1587 1404 1663 Λόκων-

259 1698 316 1764 καὶ
337 1697 493 1787 Φορμίων
506 1696 560 1764 καὶ
570 1689 746 1785 ,Ἀρίστων
767 1696 883 1786 Παρῆν
901 1695 1004 1763 δὲκαὶ
1019 1695 1208 1786 Φασίμηλος
1220 1690 1239 1764 ό
1251 1688 1390 1786 ψάλτης.

262 1800 304 1870 Οἱ
325 1800 363 1868 δὲ
383 1798 609 1889 πεμφθέντες,
635 1799 734 1888 φησὶ,
755 1797 912 1888 στέφανοι
933 1790 1000 1867 ὑπό
1025 1801 1088 1865 τῶν
1105 1801 1316 1889 πρεσβεοτῶν
1337 1800 1391 1866 καὶ

261 1905 326 1970 τῶν
340 1904 470 1998 λοιπῶν
490 1893 652 1968 ταλάντων
671 1891 752 1991 η’σαν
772 1899 898 1988 μορίων
918 1901 1211 1986 πεντακισχιλίων.»
1232 1980 1238 1990 ⁴

305 2011 390 2076 Huic
411 2010 589 2096 fragmento
608 2030 710 2094 quum
732 2009 830 2071 insint
850 2009 962 2094 plura,
984 2019 1069 2094 quae
1084 2010 1185 2094 ,paulo
1205 2008 1390 2093 diligentius

265 2116 412 2182 ridentur
430 2115 656 2194 examinanda,
676 2113 716 2178 tle
732 2115 866 2200 singulis
888 2135 1029 2178 seorsum
1048 2113 1204 2200 dispicere
1219 2114 1321 2198 juvat.

305 2214 362 2288 ὅτε
383 2214 449 2286 εἷλε
470 2223 618 2307 Δαρεῖον.
641 2219 757 2285 Eadem
774 2220 871 2285 verba
889 2222 1022 2284 servarit
1038 2217 1207 2298 Aelianus,
1227 2219 1392 2306 quiAthe-

264 2349 379 2393 naeum
412 2326 509 2390 tacite
541 2327 744 2413 compilavit,
778 2323 822 2394 V.
856 2325 897 2390 H.
926 2325 1009 2393 Vlll.
1045 2328 1078 2392 7.
1108 2318 1226 2390 Ἀνεῖλε
1252 2326 1391 2392 malebat

264 2432 606 2519 Schweighaeuserus,
628 2432 715 2520 qnod
733 2455 830 2519 quam
846 2432 961 2497 falsum
970 2433 1026 2512 sit,
1043 2433 1185 2498 omnium
1196 2444 1269 2498 ante
1280 2427 1390 2498 oculos

261 2541 401 2626 positum
421 2550 478 2604 est.
496 2522 627 2604 Rectius
645 2535 779 2601 καθεῖλε
798 2537 1003 2622 conjecisset,
1022 2538 1077 2602 sed
1094 2541 1270 2604 mutatione
1287 2539 1391 2617 haudss

261 2667 427 2733 quaquam
456 2665 546 2729 opus.
574 2641 690 2731 Αἱρεῖν
718 2642 911 2709 debellandi
937 2665 1031 2708 sensu
1061 2657 1249 2731 usurpatum
1274 2647 1389 2726 luisse,

261 2754 311 2818 rel
344 2735 522 2843 Xenophon
549 2750 643 2816 docet
669 2750 759 2817 Ηιίί.
777 2752 837 2820 ΙΙΙ.
855 2756 887 2820 5.
910 2754 940 2819 1.
961 2751 1014 2818 Sic
1034 2738 1135 2816 ὁπότε
1156 2747 1238 2815 ἕλοι
1256 2747 1391 2838 Πέρσας

259 2859 347 2946 apud
374 2858 501 2924 Arrian.
527 2858 579 2927 Vl.
607 2860 663 2927 29.
688 2862 709 2923 9
732 2860 868 2946 (Fragm.
890 2859 1027 2924 Aristob.
1047 2857 1130 2922 XLV
1148 2877 1181 2941 p.
1203 2840 1292 2943 tle.)
1310 2856 1390 2921 nihil

259 2965 350 3032 aliud
381 2945 530 3042 deuolat,
564 2967 624 3029 nisi
654 2988 758 3052 quaem
791 2965 920 3031 Persae
953 2964 1139 3030 devicisset.
1172 2962 1225 3026 Sic
1250 2966 1391 3049 Δαρεῖος

257 3066 422 3159 ᾑρημένος
445 3071 569 3136 dicitur.
588 3094 640 3157 ap.
666 3072 842 3142 Aelianl.
869 3074 891 3139 l.
916 3072 976 3139 111.
1004 3074 1066 3149 23,
1090 3069 1146 3133 ubi
1167 3069 1235 3141 alia
1246 3066 1390 3153 exempla

259 3176 391 3240 exhibet
408 3177 604 3243 Perizonius.
628 3176 901 3263 Quandoquidem·
910 3199 985 3242 rero
998 3176 1113 3242 Darius
1122 3174 1190 3259 jam
1202 3197 1245 3241 m.
1257 3174 1342 3238 lulio
1359 3196 1389 3240 a.

259 3285 328 3348 330
353 3296 521 3369 superatus
546 3305 606 3349 nec
630 3284 745 3348 rationi
771 3286 845 3349 satie
871 3293 1118 3348 consentaneum
1137 3293 1205 3361 ost,
1223 3280 1390 3347 Charetem

258 3389 301 3453 ab
321 3389 408 3453 illius
430 3391 561 3455 interitu
583 3412 620 3454 ea
637 3391 732 3454 etiam
749 3402 967 3474 computasse,
988 3410 1071 3475 quae
1081 3388 1232 3453 sexennio
1241 3387 1309 3451 fere
1319 3398 1391 3472 post

258 3493 453 3575 acciderint3
486 3531 526 3543 -
556 3518 629 3560 nam
658 3518 687 3562 a.
707 3494 921 3562 324demum
937 3496 972 3559 in
989 3496 1145 3559 Surorum
1162 3493 1242 3557 urbe
1264 3493 1390 3578 nuptias
1446 3535 1449 3540 -

257 3603 331 3666 illas
353 3602 530 3667 celebratas
549 3602 645 3668 luisse
667 3612 790 3666 constat
810 3632 851 3645 -
866 3600 907 3665 de
924 3622 993 3665 mea
1017 3600 1150 3686 quidem
1165 3600 1390 3664 sententiato-

259 3722 331 3773 tum
349 3707 431 3772 illud
461 3707 712 3774 additamentum
733 3729 796 3772 non
814 3708 982 3774 Charetem
999 3707 1140 3785 redolet,
1162 3704 1216 3769 sed
1235 3705 1291 3791 qui
1309 3704 1390 3772 cba-

259 3816 337 3879 retis
359 3817 572 3880 narrationem
593 3815 778 3900 descripsit,
803 3813 1012 3904 Athenaeum.

303 3908 483 4006 ἐνενήκοντα
503 3918 557 3985 καὶ
578 3910 647 3985 daie.
669 3921 716 3985 lle
734 3941 868 3985 numero
884 3916 1077 4005 discrepant.
1099 3918 1256 3984 Arrianus
1272 3918 1342 3985 vll.
1357 3921 1388 3984 4.

260 4028 282 4089 6
309 4036 456 4090 numerat
480 4016 539 4097 τοὶς
565 4016 795 4106 δωκιμωτότας
817 4025 957 4112 Περσῶν
985 4045 1022 4087 τε
1047 4021 1101 4088 καὶ
1122 4014 1249 4112 Μήδων
1268 4022 1393 4096 παῖδας

260 4128 295 4204 ἐς
317 4118 522 4217 ὀγδοήκοντα,
553 4130 670 4215 quihus
696 4134 722 4195 si
738 4129 898 4196 addideris
917 4128 1016 4215 ipsius
1034 4127 1205 4193 Alexandri
1221 4139 1254 4193 et
1269 4129 1385 4213 princi·

260 4254 339 4320 pum
356 4233 476 4299 ducum
496 4255 625 4320 sponsas
639 4288 647 4315 ,
661 4237 924 4322 Hephaestionis,
945 4235 1083 4313 Crateri,
1104 4236 1295 4312 Perdiccae,
1312 4236 1389 4299 Pto-

262 4340 392 4418 lemaei,
411 4340 579 4420 Eumenis,
596 4343 735 4421 Nearchi
745 4343 928 4424 etSeleuci,
943 4339 1389 4429 habebisduedenoneginta.

260 4446 411 4510 Aelianus
444 4458 551 4511 autem
572 4469 579 4510 ε
604 4438 795 4535 Ἐνενὴκοντα
816 4445 868 4529 δὲ,
895 4449 1023 4535 inquit,
1046 4434 1124 4534 ἦσαν
1145 4444 1177 4512 οἱ
1197 4443 1390 4531 γαμοῦντες,

261 4547 316 4613 καὶ
345 4539 520 4637 ἰσόριθμοι
543 4540 671 4626 τούτοις
698 4550 730 4617 οἱ
750 4541 906 4637 θάλαμοι
938 4556 1029 4637 Quae
1054 4553 1115 4618 nisi
1141 4550 1181 4615 de
1209 4570 1297 4616 rnore
1323 4550 1394 4636 ipse

263 4655 462 4742 negligenter
483 4677 519 4720 cr
542 4656 743 4724 Athenaeoin
753 4680 847 4725 suum
856 4662 1010 4747 scriptum
1020 4658 1218 4729 transtulisse
1229 4655 1393 4734 videatur,
