3300 5600
327 1636 1030 1777 snrsrosnsr

494 1997 568 2049 vnn
586 1999 624 2049 ΕΤ
637 1998 861 2077 'consuram

578 2270 750 2291 w

233 2622 394 2692 >ominbus
421 2621 594 2689 Alexandri
626 2645 708 2710 quae
743 2624 842 2689 luerit
874 2622 1057 2697 Aristobulo
1086 2630 1242 2718 dignitas,

233 2742 311 2796 :erto
335 2741 523 2818 argumento
547 2729 711 2819 probatur.
746 2732 779 2796 Si
805 2736 908 2821 operis
932 2735 973 2802 ab
1004 2759 1041 2803 eo
1069 2736 1243 2825 conscripti

234 2838 373 2904 ctionem
392 2848 534 2922 spectas,
558 2849 626 2903 turn
645 2838 801 2904 rationem
819 2840 971 2924 attendis,
995 2844 1126 2931 qualem
1145 2844 1243 2909 fuisse

235 2956 288 3010 nta
316 2942 474 3025 indicant,
505 2943 682 3010 doctiorem
707 2945 775 3010 fere
806 2959 839 3011 et
867 2949 900 3012 in
929 2948 1061 3036 singulis
1094 2947 1244 3023 subtilio-

233 3052 254 3115 is
274 3050 379 3136 potius
398 3050 615 3115 accensendus
635 3071 703 3114 esse
722 3049 885 3133 rideatur,
905 3054 961 3142 qni
976 3052 1148 3119 Alexandri
1168 3077 1243 3142 gra-

233 3157 330 3243 rg'enii
352 3166 384 3219 et
411 3154 574 3221 doctrinae
600 3155 749 3221 laudibus
768 3158 829 3222 sibi
856 3154 1122 3246 comparaverint,
1145 3182 1243 3247 quam

233 3261 378 3326 titudine
400 3273 432 3326 et
454 3262 499 3340 rei
522 3262 666 3327 militaris
685 3263 810 3349 peritia.
838 3267 902 3359 ,cui
922 3264 1094 3351 suspicioni
1115 3266 1243 3332 Arriani

237 3368 480 3454 mplioissimnm
492 3369 723 3434 testimonium:
737 3353 990 3459 orreorpoireods
1002 3370 1134 3453 βασιλεῖ
1147 3366 1243 3437 Ἀλε-

233 3471 291 3561 ·1),
321 3475 402 3540 nilril
424 3475 545 3553 obstat,
575 3477 695 3562 quippe
714 3474 801 3562 qnod
821 3475 1043 3541 Aristobulnm
1063 3474 1242 3542 Alexandro

233 3580 439 3667 expeditionis
461 3583 583 3647 socium
606 3583 730 3669 arguit,
749 3583 882 3646 militiae
901 3603 1018 3647 nornen
1034 3581 1158 3648 dedisse
1177 3604 1242 3648 non

233 3684 269 3775 ἰ).
292 3687 360 3752 Neo
377 3688 514 3754 militem
530 3709 645 3753 munus
657 3688 797 3780 redolet,
811 3686 898 3774 quod
911 3687 1083 3774 aliquando
1100 3710 1134 3753 se
1144 3688 1241 3776 Regis

234 3792 392 3877 usoepisse
404 3793 609 3862 Aristobulus
624 3805 771 3866 testatur.
793 3781 900 3882 Agens
912 3794 997 3862 enirn
1014 3793 1137 3882 deCyri
1149 3794 1242 3861 Cam-

233 3972 305 3984 ——n

233 4082 303 4131 roem.
320 4080 354 4133 ad
369 4081 438 4149 Eup.
456 4080 532 4136 ΑΜ.
550 4080 582 4151 2,
600 4082 664 4136 coll.
679 4082 709 4133 V.
728 4080 754 4133 7.
772 4080 799 4152 1,Ι
815 4082 842 4133 8.
860 4080 885 4133 1.

233 4192 263 4225 no
285 4176 359 4225 verbi
377 4158 582 4248 συστρατεύειν
598 4194 673 4236 uanus
695 4194 748 4237 non
766 4178 869 4242 quidem
886 4178 1015 4244 opuslerit
1030 4182 1060 4227 ut
1079 4178 1167 4228 multis
1183 4173 1243 4228 illu·

233 4267 240 4315 i
257 4267 323 4315 tanti
332 4269 425 4338 refert,
436 4268 616 4324 Callisthenem
632 4269 673 4318 adi
687 4284 727 4334 op.
746 4270 786 4319 lo.
802 4271 875 4320 laur.
892 4269 988 4333 Lydum
1005 4269 1036 4318 ds
1053 4270 1136 4319 Mens.
1150 4285 1176 4333 p.
1189 4266 1244 4320 264

233 4350 319 4418 sth.).·,
336 4371 454 4419 quaeque
472 4354 505 4403 de
522 4356 620 4408 comico
638 4355 789 4405 Phereersle
812 4355 900 4408 Suidss
917 4355 993 4418 fingit
1006 4371 1025 4405 s.
1047 4354 1126 4404 v.111
1144 4370 1170 4418 p.
1180 4352 1240 4408 592.

233 4457 250 4489 r
264 4434 332 4489 urere
347 4437 494 4516 conjectura
503 4445 557 4505 eat,
569 4441 765 4491 Sanetooruoius
775 4440 816 4490 vel
828 4441 854 4489 in
862 4442 1003 4504 graviorem
1012 4440 1139 4505 quendam
1150 4444 1241 4491 testem

233 4526 258 4574 el
274 4531 371 4576 temere
383 4528 567 4593 interpretatus
579 4531 619 4576 est
634 4525 784 4590 Arrisnum,
803 4541 884 4591 quum
900 4526 963 4576 tetri
979 4526 1089 4595 duotdu
1106 4524 1242 4577 Alexandri

233 4612 286 4664 lmn
303 4619 459 4677 ascenaeret,
478 4616 571 4665 Boon.
590 4614 649 4664 orit.
668 4628 693 4678 p.
710 4609 753 4662 42.

1107 4695 1136 4745 4η
