3300 5600
827 551 845 613 'l

264 750 302 792 se
316 723 533 793 Arrhidaeum
545 743 642 809 quom
653 720 869 788 Alexandrum
886 743 1105 790 successorem
1115 723 1213 789 molle
1221 722 1400 805 ridebatur,

265 833 471 898 Ptolomaeus
496 848 571 894 cum
595 828 750 916 Harpalo,
777 829 922 894 Nearcho
944 830 1080 917 aliisque
1104 829 1305 895 nobilissimis
1328 831 1402 896 viris

264 949 382 1003 auctor
401 935 521 1000 exstitit
544 934 743 1014 Alexandro,
763 948 801 1000 ut
819 934 1015 1001 clandestina
1041 935 1140 1021 patris
1167 936 1298 1001 consilia
1320 937 1403 1002 clam

261 1047 356 1109 irrita
378 1043 510 1108 laceret.
543 1041 634 1124 Quae
655 1041 780 1106 detecta
803 1041 995 1128 conspiratio
1021 1041 1105 1105 male
1125 1043 1309 1107 auctoribus
1332 1065 1401 1108 ces·

261 1152 322 1228 sit,
340 1146 501 1234 siquidem
517 1147 699 1233 Philippus,
720 1159 850 1234 propter
870 1148 1054 1212 frustratam
1069 1169 1158 1233 spem
1172 1147 1220 1212 ira
1235 1148 1399 1229 incensus,

263 1262 376 1321 omnes
399 1255 472 1319 illos
491 1276 549 1339 pro
575 1255 676 1318 innisa
694 1255 755 1339 ipsi
773 1276 849 1339 erga
865 1252 1082 1319 Alexandrum
1103 1251 1167 1316 fide
1187 1255 1297 1319 exsilio
1309 1255 1401 1328 mul·

263 1362 487 1428 clavit.·Hanc
499 1371 605 1424 autem
623 1360 722 1444 patris
739 1361 940 1425 severitatem
958 1371 994 1425 ut
1013 1370 1082 1423 tum
1101 1357 1205 1424 doluit
1219 1359 1400 1443 juratiss-

261 1467 450 1563 anderpita
477 1467 528 1533 vix
553 1467 619 1552 ipse
640 1488 775 1552 regnum
802 1469 946 1552 accepit,
971 1469 1051 1553 quin
1075 1465 1293 1531 Ptolemaeum
1314 1479 1401 1532 cete-

264 1595 382 1661 rosque
402 1572 569 1637 fidissimos
585 1572 703 1636 amicos
723 1595 787 1636 non
808 1583 972 1638 revocaret
997 1584 1121 1637 tantum
1138 1571 1179 1635 ab
1198 1572 1324 1652 exsilio,
1345 1571 1400 1637 sed

269 1681 409 1746 maximis
425 1679 599 1743 honoribus
619 1677 846 1745 condecoraret
858 1677 898 1767 ¹).
923 1679 1012 1745 Elin
1032 1679 1249 1743 Ptolemaeum
1268 1678 1400 1764 quidem

264 1787 406 1874 primum
423 1784 776 1849 honorificentissimum
793 1774 961 1872 Edeoispoo
978 1806 1034 1851 seu
1053 1785 1134 1872 regii
1150 1785 1399 1871 praegustatoris

263 1915 381 1958 munus
409 1888 602 1978 contulit²);
631 1889 747 1956 deinde
767 1912 859 1971 vero,
879 1893 964 1958 victo
987 1892 1051 1976 jam
1073 1891 1168 1955 Dario
1188 1902 1220 1955 et
1242 1892 1400 1976 patefacta

263 1998 487 2083 conjuratione
509 1997 670 2077 Philotae,
699 2020 729 2065 a.
756 2001 821 2064 330
844 2019 917 2088 enm
943 1999 978 2063 iu
1005 1997 1130 2063 virtutis
1159 1998 1336 2082 praemium
1359 1997 1400 2062 ad

262 2127 446 2193 supremam
463 2105 605 2169 omnium
627 2105 729 2169 erexit
749 2091 1034 2190 Σωμαιοφύλακος
1047 2103 1245 2190 dignitatem
1256 2101 1296 2191 3).
1327 2104 1400 2168 Fuit

262 2214 349 2277 enim
366 2210 548 2278 Alexandro
568 2209 644 2274 iude
666 2211 707 2275 ab
724 2210 816 2275 initio
836 2208 982 2273 laborum
1002 2210 1123 2289 socius,
1146 2209 1306 2296 bellisque
1323 2230 1399 2275 con·

262 2331 311 2384 tre
331 2317 488 2398 Thraces,
506 2318 680 2396 Triballos,
699 2315 810 2394 Getas,
829 2314 994 2380 Thebanos
1015 2316 1159 2403 aliasque
1178 2325 1288 2402 gentes
1304 2314 1399 2401 gestis

263 2424 412 2490 omnihus
434 2423 501 2488 dux
520 2425 684 2504 interfuit,
703 2444 807 2511 eaque
829 2421 930 2487 edidit
949 2421 1060 2508 quovis
1080 2423 1114 2486 in
1134 2421 1315 2486 discrimine
1334 2421 1399 2485 ala·

262 2532 386 2598 critatis
404 2541 434 2594 et
453 2530 649 2595 fortitudinis
662 2529 854 2622 specimina,
870 2526 1031 2595 utdeinde
1042 2527 1182 2592 ctiamiu
1199 2525 1399 2613 expeditione

262 2636 415 2703 adversus
442 2637 574 2702 Darium
604 2647 636 2702 et
659 2636 753 2700 Asiae
774 2646 885 2722 gentes
904 2646 1051 2720 suscepta
1072 2633 1251 2699 Alexander
1272 2632 1312 2698 ad
1331 2654 1400 2697 me-

264 2744 346 2810 xima
363 2761 512 2831 quaeque
532 2740 715 2829 peragenda
733 2739 820 2807 haud
841 2763 912 2806 raro
931 2740 1102 2807 Ptolemaei
1125 2761 1222 2826 opera
1241 2739 1397 2807 uteretur.

263 2850 316 2915 Sic
336 2871 366 2919 ι.
396 2870 426 2918 o.
452 2851 585 2915 Bessum
604 2848 802 2935 proditorem
824 2848 976 2934 persequi
992 2847 1099 2931 jussus
1120 2858 1207 2911 tauta
1229 2844 1399 2930 prudentia

264 2956 464 3021 Ptolemaeus
488 2956 647 3021 helarium
669 2955 831 3020 hominem
861 2954 1088 3032 circumvenit,
1112 2963 1149 3018 ιιι
1168 2953 1252 3018 intra
1273 2951 1398 3036 paucis-

243 3120 245 3123 t
264 3064 357 3126 simos
373 3060 441 3127 dies
460 3072 491 3125 et
507 3061 574 3126 sine
591 3062 659 3127 ullo
680 3062 854 3126 certamine
873 3070 1002 3145 captum
1020 3059 1228 3146 vinctumque
1246 3056 1285 3121 ad
1302 3056 1398 3122 Alex·

264 3168 400 3237 andrum
430 3166 568 3231 deferret
579 3164 620 3253 Ι).
654 3168 691 3231 In
712 3165 875 3234 Chorienis
896 3177 1005 3230 autem
1035 3174 1125 3249 petra
1147 3164 1320 3250 Aornoque
1343 3184 1399 3226 ex-

265 3270 481 3362 pugnandos)
507 3273 717 3341 aPtolemaei
743 3270 931 3337 fortitudine
960 3282 992 3335 et
1018 3280 1111 3335 canta
1136 3268 1251 3357 agendi
1275 3269 1397 3334 ratione

265 3382 438 3467 plurimum
466 3379 534 3465 opis
555 3377 734 3445 Alexandro
760 3374 905 3445 accessit.
945 3378 1006 3447 Vix
1035 3388 1145 3441 curato
1173 3374 1259 3463 qnod
1286 3396 1396 3439 recens

238 3533 242 3546 .
266 3496 433 3573 acceperat
456 3482 638 3572 vulnerer),
661 3484 867 3573 Aspasiorum
886 3482 1002 3550 ducem
1023 3483 1254 3549 ferocissimum
1274 3481 1397 3567 proelio

268 3667 468 3681 0⁸-—

259 3746 261 3751 ’
298 3758 324 3824 1)
341 3757 472 3809 Plutarch.
494 3757 544 3809 l's't.
562 3757 640 3809 Alos.
658 3757 690 3822 X,
708 3770 819 3823 quocum
837 3756 871 3806 cl.
889 3754 989 3805 Arrian.
1008 3754 1054 3805 Ill.
1073 3752 1098 3805 6.
1117 3753 1143 3805 5.

296 3843 322 3911 1)
341 3843 488 3894 Athenaeus
505 3843 540 3893 1v
563 3858 588 3909 p.
606 3841 655 3893 171
675 3844 693 3891 Β
715 3842 822 3910 (Pragm.
843 3841 916 3895 Char.
932 3838 999 3907 ΙΙΙ.)
1019 3841 1083 3891 Satis
1098 3840 1184 3907 inepte
1201 3836 1397 3889 Sancto'cruoius

267 3941 369 4001 ilduara.
388 3944 448 3991 crit.
469 3940 510 3990 ed.
532 3938 573 3988 2¹⁰
592 3956 618 4005 p.
644 3938 714 4006 517.)
737 3925 882 4011 Σωτῆρος
904 3954 1060 4003 cognomen,
1086 3937 1118 3988 de
1139 3953 1191 4002 quo
1207 3936 1272 3985 inire
1288 3949 1393 4011 agemus

265 4043 410 4094 Ptolemaeo
427 4042 460 4093 ab
477 4023 632 4112 ’Edrtt'spov
649 4058 756 4093 munere
773 4044 861 4094 datum
879 4042 955 4092 luisse
970 4042 1121 4107 suspicatur.

298 4130 324 4197 3)
342 4133 441 4185 Arrian.
456 4136 504 4187 Ill.
521 4133 562 4186 27.
581 4133 606 4186 5.

298 4218 325 4283 4)
343 4221 362 4272 1.
380 4220 399 4272 l.
414 4218 457 4277 8⁰..
475 4218 508 4272 1-
525 4221 543 4271 5
560 4222 668 4290 (fragm.
687 4220 752 4270 Ptol.
772 4217 849 4286 snt.

298 4304 325 4368 5)
342 4306 441 4356 Atrion.
457 4308 500 4359 tv.
516 4306 559 4359 21.
576 4306 607 4372 4,
621 4306 664 4360 29.
680 4303 757 4356 1-6.

298 4389 324 4456 6)
343 4392 362 4442 l.
379 4392 397 4442 l.
416 4391 458 4443 23.
482 4391 508 4446 3.
544 4395 580 4443 lle
597 4393 648 4442 alio
668 4392 792 4455 vulnere,
811 4391 880 4456 quod
897 4391 928 4440 ed
948 4389 1124 4442 llarmoteliam
1140 4388 1229 4438 urbem
1250 4386 1395 4452 Ptolemaeo

263 4479 421 4543 indiguum,
437 4480 470 4531 ab
488 4480 631 4532 Alexandro
648 4484 732 4533 nutem
748 4483 862 4530 arantum
879 4479 980 4543 quidum
999 4478 1143 4539 tinxerunt,
1156 4475 1213 4525 vide
1226 4489 1291 4539 quae
1310 4472 1395 4538 diopu-

265 4569 302 4615 tat
315 4563 421 4616 hoierus
438 4561 464 4632 p.
482 4564 517 4622 tl
532 4581 588 4633 sqq.
