3300 5600
756 583 817 686 tr1
907 547 911 557 ’

283 756 408 821 Alterum
421 755 508 842 quod
526 754 674 821 dicebam
693 754 895 827 dissensionis
916 769 1013 843 caput
1033 757 1072 822 ad
1085 759 1348 844 vulnusspectat.

251 859 397 927 llerandro
420 861 579 929 inflictum
609 885 616 925 ε
643 883 717 927 nam
745 864 870 928 cervice
895 864 1074 930 sauciatum
1095 865 1150 929 alii
1176 877 1348 951 negarunt.

249 966 348 1048 Qnade
366 956 401 1033 ie
420 989 521 1054 quum
542 967 583 1033 ad
599 969 736 1035 Ptolem.
760 970 886 1054 Fragm.
911 970 1004 1034 XXII
1023 992 1056 1056 p.
1079 973 1120 1037 45
1135 993 1182 1058 sq.
1204 971 1350 1056 pluribus
1446 1032 1449 1042 ,

247 1069 416 1160 disputatum
439 1076 497 1154 sit,
520 1074 575 1138 hic
601 1074 719 1138 iterum
747 1095 877 1139 monere
903 1075 1107 1160 supersedeo.
1144 1077 1182 1143 Id
1208 1099 1283 1143 vero
1308 1079 1350 1142 si-

244 1177 319 1245 lentio
347 1204 413 1246 non
443 1179 672 1266 premendum,
700 1179 787 1265 quod
814 1201 874 1246 nec
906 1183 1028 1268 sugerit
1052 1204 1266 1269 quemqnam,
1287 1184 1351 1249 lra-

243 1297 384 1370 gnentnm
395 1287 588 1365 Aristobuli,
599 1286 716 1372 quibus
732 1286 835 1349 verbis
847 1309 934 1352 nuno
953 1288 1038 1374 apud
1055 1290 1265 1357 Plutarchum
1273 1311 1352 1357 con·

243 1404 347 1478 ceptum
367 1395 425 1473 sit,
446 1404 529 1457 stare
547 1393 637 1457 nullo
665 1391 758 1455 modo
786 1414 888 1477 posse.
920 1395 1030 1461 Cetera
1060 1397 1200 1482 genuina
1229 1409 1261 1462 et
1277 1398 1352 1462 satis

243 1499 332 1565 similia
361 1501 465 1563 verbis
493 1500 621 1565 Arriani
648 1499 704 1566 Vt.
736 1501 788 1566 10.
819 1501 836 1573 1
868 1522 876 1562 :
909 1488 1068 1566 Βάλλεται
1089 1497 1143 1563 καλ
1169 1491 1266 1574 αὐτὸς
1286 1494 1352 1569 διά

243 1604 292 1668 tori
307 1599 491 1692 θώρακος
513 1600 552 1677 ές
575 1594 618 1667 nd
646 1600 796 1687 στῆθος
812 1594 1023 1685 τοξεύματι
1045 1593 1129 1692 ὑπὲρ
1151 1603 1210 1693 (ct.
1230 1629 1263 1691 p.
1278 1602 1348 1691 45.)

243 1698 280 1770 air
294 1697 430 1788 μαστόν·
446 1707 502 1772 scd
521 1708 599 1772 latet
622 1706 733 1770 vitium
752 1708 786 1770 in
806 1693 983 1781 ὑπελάσας.
1014 1707 1128 1796 Itaque
1148 1732 1249 1796 quum
1275 1711 1351 1776 Ari-

243 1812 364 1877 tobulus
391 1814 528 1879 alterum
553 1815 648 1878 etiam
669 1814 783 1877 vulnus
803 1813 1028 1878 memoraverit
1045 1807 1127 1877 κατά
1143 1814 1203 1881 τοῦ
1218 1804 1351 1896 αὐχένος

243 1916 326 1997 lata,
343 1909 475 2007 ὑπέρῳ,
496 1921 624 1986 illatum
646 1918 723 2008 (vid.
742 1915 835 2006 p.'l.)
860 1919 1150 2004 wyttenbachius,
1172 1920 1282 2004 ejectis
1299 1912 1356 1984 vo·'

243 2024 314 2091 thus
330 2014 500 2100 ὑπελάσας
521 2019 635 2108 ἔλαβε,
654 2048 672 2089 e
687 2024 852 2094 Plutarch.
870 2024 965 2090 Orat.
977 2026 1004 2093 1.
1017 2027 1037 2089 2
1049 2016 1175 2113 ὑπέρου
1194 2023 1232 2089 δέ
1245 2021 1357 2111 πληνῇ

243 2129 455 2199 *estitucndnm
477 2152 544 2196 esse
564 2133 705 2211 censuit,
726 2133 930 2217 conjectura,
950 2133 976 2196 si
997 2134 1185 2196 sententiam
1203 2130 1354 2214 respicis,

243 2257 298 2301 ane
315 2260 412 2326 quam
432 2239 591 2322 speciosa,
613 2260 677 2325 qua
689 2239 794 2325 potior
811 2261 897 2304 nunc
911 2261 974 2303 non
985 2239 1137 2325 suppetit.
1160 2238 1236 2322 Ipsa
1250 2247 1356 2300 tamen

243 2348 319 2412 rerba
349 2367 390 2409 an
418 2344 606 2430 expresserit
632 2345 903 2430 Wyttenbachins
923 2345 1053 2426 dubito,
1075 2347 1109 2408 in
1129 2343 1242 2429 primis
1267 2341 1356 2428 quod

243 2468 288 2513 nec
312 2450 444 2517 lacunae
465 2451 620 2515 rationem
647 2450 777 2530 hahuit,
803 2474 899 2540 quam
919 2464 991 2537 post
1010 2451 1135 2540 στῆθος
1156 2448 1304 2514 Reisliius
1321 2449 1356 2511 in

243 2552 337 2622 Codice
356 2558 493 2643 reperit,
514 2567 546 2619 et
567 2557 701 2621 verbum
721 2554 834 2640 έλαβε,
854 2557 894 2622 de
911 2570 1043 2643 accepta
1061 2555 1170 2645 πληγῇ
1189 2552 1357 2620 commode

243 2655 361 2743 dietum,
382 2675 485 2728 totum
503 2665 688 2750 suppressit.

742 2787 836 2854 XLII.

274 2924 375 2997 Strabo
398 2929 508 3018 xvp
530 2919 922 3045 1ο26Β.Ὑοτάτνςτης
941 2859 1152 3013 Πατταληνῆς
1172 2912 1357 3014 (ἐκράτησεν

243 3011 512 3136 Ἀλέξανδρος),’
491 3057 530 3121 ην
558 3026 576 3098 ὁ
605 3023 706 3108 Ἰνδός
738 3033 844 3110 ποιεῖ,
878 3025 1027 3115 σχισθεὶς
1049 3025 1094 3103 εἰς
1114 3016 1173 3093 δύο
1195 3016 1354 3115 προχοάς.

243 3112 533 3220 Αριστόβουλος
553 3134 612 3220 μέν
633 3122 687 3200 οὖν
710 3129 758 3209 εἷς
778 3130 1070 3215 χιλιοσςσταδέοος
1083 3121 1355 3220 διέχειναλλὴλων

243 3235 322 3320 φησιν
342 3230 451 3315 αὐτάς.
726 3288 728 3292 -

273 3338 354 3410 llicta
383 3356 430 3409 est
458 3343 621 3409 Pattalene
648 3343 688 3406 ab
721 3342 839 3407 urbe
830 3341 948 3428 rnsigni
974 3339 1104 3404 Pettalis
1136 3338 1253 3428 (strab.
1282 3340 1307 3405 l.
1330 3339 1353 3405 l.

243 3457 264 3520 l·
283 3451 362 3517 1026
382 3449 447 3536 (1.),
472 3450 559 3538 quod
577 3471 692 3514 nomen
713 3449 770 3512 toti
788 3448 910 3534 regioni
935 3447 1072 3531 imponit
1091 3447 1260 3525 Arrianus,
1286 3458 1355 3512 tum

243 3546 299 3618 tlibi
306 3558 458 3637 ,.tumV
476 3561 508 3624 4.
531 3562 567 3636 1,
592 3556 650 3621 uhi
668 3555 714 3619 sic
733 3554 822 3618 illam
842 3553 1019 3618 describit:
1043 3541 1207 3634 Δι’στομός
1229 3539 1354 3616 έστινὸ

243 3637 332 3774 lidda,
352 3659 407 3728 καλ
427 3685 462 3727 αι
452 3657 612 3743 ἐκβολαὶ
632 3650 735 3723 αὐτοῦ
758 3647 945 3746 αμφότεραι
967 3645 1174 3740 τεναγώδεις,
1195 3643 1349 3740 καθάπερ

243 3750 265 3818 ll
280 3762 370 3831 πέντε
388 3763 449 3829 τοῦ
463 3753 612 3851 ”,1στροο
635 3784 689 3826 και
680 3757 815 3827 Δέλτα
836 3763 928 3826 ποιεῖ
944 3758 1000 3824 καὶ
1021 3750 1117 3832 αὐτος
1131 3756 1163 3822 έν
1185 3756 1227 3843 τῇ
1246 3747 1356 3824 Ινδῶν

243 3858 280 3950 ᾗ,
304 3868 352 3953 τῷ
376 3857 550 3954 Αἰγύπτου
574 3862 681 3933 Δέλτα
711 3852 957 3951 παραπλήσιον·
991 3860 1045 3927 καὶ
1071 3859 1168 3926 τοῦτο
1197 3848 1356 3926 Πάτταλα

243 3966 422 4040 matres
379 3996 420 4060 τῃ
442 3963 551 4037 Ινδῶν
572 3970 674 4057 φωνῇ
705 3969 870 4050 (lumbis,
894 3970 934 4033 ab
954 3964 1355 4051 Eustathioercerptisad

243 4066 348 4165 lionys.
361 4079 487 4163 Pericg.
500 4077 585 4141 1092
597 4078 709 4161 p.„282
724 4076 773 4143 cd.
787 4077 877 4161 Pap„
891 4076 944 4150 off,
954 4077 1081 4141 Arriae.
1094 4072 1258 4140 [radioli.
1272 4075 1291 4136 5
1304 4094 1353 4158 sq.

246 4184 379 4250 tStrabo
390 4208 423 4271 p.
435 4186 519 4248 1011
532 4183 707 4263 C‚10260.
721 4183 905 4248 Pataliam
916 4195 1043 4270 gentem
1053 4181 1180 4248 Curtius
1193 4188 1284 4244 vocat
1295 4179 1352 4245 IX.

246 4294 325 4373 .28,
340 4292 396 4358 ubi
411 4314 445 4379 p.
462 4292 531 4356 864
553 4311 601 4375 sq.
622 4290 714 4375 plura
727 4312 744 4353 e
756 4290 989 4355 recentioribus
999 4288 1131 4374 collegit
1142 4284 1353 4352 llluetzellius.

243 4398 325 4468 mula
347 4398 452 4464 Plinio
476 4398 534 4465 VI.
556 4399 599 4462 23
614 4396 803 4481 appellatur
822 4396 999 4462 Pettale:
1033 4393 1157 4461 «Indus
1180 4390 1354 4476 -etipse

243 4503 420 4593 nderiginti
443 4505 558 4591 recipit
578 4525 685 4569 amnes
718 4538 758 4551 —-
787 4504 1012 4590 amplissimam
1034 4501 1170 4568 insulam
1196 4497 1352 4577 efficiens,

243 4637 300 4685 rae
318 4613 467 4678 Prasiane
489 4611 697 4677 nominatur:
722 4622 753 4675 et
772 4609 867 4675 aliam
886 4611 1061 4689 minorem,
1082 4627 1165 4695 quae
1189 4603 1350 4671 Pettale.»
