3300 5600
774 586 817 657 lQ

222 755 917 853 1000101000301100110000000000000001).
934 761 1053 848 {Atque
1070 759 1359 850 qssasiogularis„

223 865 285 955 aad
305 863 446 943 aridior,
469 865 570 935 etia
588 862 885 963 simmphorossa
905 866 1361 963 adrameriensem

224 992 345 1060 parum
360 969 564 1056 placuisseet
575 972 906 1057 primariasxstitisss
917 973 1266 1057 causuuidqtgrmgpq
1284 977 1362 1055 Rigas

225 1075 346 1142 lemaoi
373 1077 609 1156 commentarii,
640 1077 750 1163 paucis
778 1078 871 1158 lecti,
901 1079 1062 1143 oblivione
1088 1082 1361 1162 matureiueriut

226 1182 405 1257 obliterati.
443 1194 445 1199 '
1036 1190 1077 1261 ·'-,
1101 1203 1270 1267 vj,.,'·,

235 1279 239 1291 “
272 1290 330 1354 De.
342 1273 516 1353 Ptolemaei
532 1287 682 1375 lagidae·
694 1293 759 1383 tila
779 1291 1068 1383 0100101000ῐροῆἰο
1086 1269 1361 1380 haeerdrsputasse

198 1406 200 1412 '
227 1386 377 1461 sufficiat.
391 1391 419 1480 2)
453 1395 559 1460 Unum
583 1395 753 1481 adjiciam.
787 1397 992 1463 sumariam
1015 1378 1361 1484 &incisasque-ad

229 1502 404 1566 Seleucum
427 1500 572 1588 aliosque
597 1495 768 1582 exstitisse,
788 1525 812 1569 a=
832 1502 1245 1593 Dionysodoro.collectss.'·.
1258 1505 1361 1589 Cujus

232 1608 278 1673 rei
296 1607 413 1672 unicus
433 1608 521 1672 testis
539 1615 585 1672 es't
601 1609 775 1689 lucianus,
794 1608 888 1673 simul
906 1631 1007 1694 pauca
1028 1608 1189 1697 quasdam
1206 1611 1362 1698 0111000-

235 1712 337 1779 sudori
354 1711 522 1798 συναγωγῇ
539 1711 752 1801 proferens³);
774 1736 857 1801 quas
875 1716 972 1780 sorba
993 1737 1032 1778 ne
1054 1716 1125 1802 quis
1150 1715 1198 1778 vel
1218 1726 1362 1801 praeter·

228 1965 245 2000 s
258 1948 399 1999 Ptolemaei
418 1963 494 2014 opere
510 1947 561 1997 sint
580 1947 674 2012 petits,
691 1963 767 2013 aegre
788 1949 938 2014 conjecturs
955 1950 1122 2014 assequimur.
1148 1952 1208 1999 llam
1225 1949 1363 2000 110011101-

228 2035 269 2085 100
292 2034 469 2085 debellaturus
491 2034 634 2104 Alexander
650 2035 821 2085 Ptolemaeum
847 2037 977 2100 copiarum
998 2037 1064 2100 parti
1087 2037 1249 2101 praefecisset
1264 2037 1298 2104 (5.
1317 2033 1363 2100 6.),

229 2121 330 2172 abhoc
346 2121 407 2184 quid
432 2125 531 2184 gestum
559 2121 654 2184 fuerit,
676 2137 728 2169 non
745 2122 840 2185 liquem
860 2121 984 2186 siquidem
1007 2138 1059 2185 quo
1079 2123 1119 2170 die
1136 2121 1286 2170 validissima
1302 2123 1365 2171 idal-

229 2209 315 2259 lorum
329 2207 392 2255 urbs
407 2214 605 2272 expugnaretur,
620 2223 647 2255 ss
661 2205 771 2256 abluisse
785 2222 895 2270 cumque
910 2207 967 2256 aliis
983 2207 1096 2256 barbaris
1111 2222 1164 2254 rem
1181 2209 1286 2269 gessisse
1301 2207 1366 2255 scri-

230 2295 282 2361 psit
295 2293 403 2361 (Pragm.
422 2289 534 2356 Hm).
560 2294 590 2341 In
610 2293 702 2341 itinere
722 2293 856 2343 Alexandri
874 2294 905 2343 ad
921 2293 1040 2343 Arabium
1063 2293 1090 2342 fl.
1108 2295 1185 2356 inque
1208 2294 1318 2342 Arabitis
1338 2299 1366 2342 et

230 2380 308 2430 oritis
323 2378 472 2442 subigendis
487 2394 591 2441 magnas
608 2379 685 2427 luisse
703 2379 841 2428 Ptolemaei
859 2387 958 2446 partes,
977 2381 1127 2444 conjicimus
1144 2379 1276 2444 quideme
1294 2380 1366 2429 Diod.

229 2467 279 2516 sie.
298 2466 377 2516 xvxi.
397 2463 448 2513 104
469 2471 497 2514 et
514 2466 601 2514 Curtio
621 2465 651 2515 X.
677 2464 719 2514 10.
744 2465 761 2514 6
788 2482 857 2530 sqq.;
880 2467 924 2516 sed
949 2467 1070 2517 Arrianus
1087 2463 1138 2534 (21.
1158 2466 1175 2514 3
1194 2465 1260 2532 sqq.)
1286 2466 1318 2516 de
1336 2482 1367 2515 ea

229 2553 392 2618 expeditione
409 2567 487 2614 ageas
505 2550 644 2602 Ptolemaei
665 2567 768 2616 prorsus
784 2569 837 2602 uon
857 2553 980 2603 meminit.

265 2634 293 2702 1)
312 2639 343 2688 v.
361 2635 403 2686 aa.
419 2636 435 2685 0
453 2639 560 2703 (sagra.
580 2635 666 2700 xmp.
873 2623 875 2634 ‘

264 2721 293 2780 2)
311 2724 358 2774 Vix
374 2723 467 2785 dignus
489 2728 527 2772 est
551 2724 597 2787 qui
624 2729 729 2773 notetur
756 2740 828 2775 error
851 2711 973 2775 llarddini
999 2723 1066 2792 (las.
1089 2724 1177 2775 Auctt.
1203 2721 1296 2789 Ptin),
1322 2724 1368 2775 ubi

230 2805 288 2895 τήν
313 2812 345 2872 Γ
341 2806 511 2892 εωγραφίαν
536 2810 591 2871 τοῦ
619 2804 778 2872 θειοτάτου
806 2809 856 2872 καὶ
886 2807 1063 2893 σοφωτάτου
1087 2809 1368 2890 Πτολεμαίου,

229 2932 245 2966 s
265 2916 392 2987 larciapo
415 2914 563 2964 lleracleota
584 2915 725 2977 laudatam,
742 2914 887 2966 Ptolemaeo
909 2916 1015 2979 lagidae
1036 2914 1159 2964 obtrudit.
1184 2915 1281 2964 Claudii
1300 2916 1367 2974 enim

230 3001 372 3053 Ptolemaei
387 3002 594 3063 commentarios,
610 3002 707 3049 sontem
719 3017 792 3050 suum
803 3003 961 3068 prinoipem,
975 3005 1063 3067 aperte
1078 2995 1199 3063 cogitavit
1213 3001 1368 3067 Marcianus,

231 3092 262 3138 ut
277 3087 376 3136 dudum
394 3086 529 3136 lludsonus
548 3087 733 3137 animadvertit.

264 3171 293 3237 3)
313 3174 440 3239 Prolops.
455 3176 485 3222 io
497 3174 575 3223 salut.
592 3175 621 3224 X.
641 3174 700 3238 Quis
718 3173 762 3224 ille
777 3173 856 3223 tuerit
873 3172 1067 3238 Dionysodorus
1077 3171 1138 3239 (non
1150 3173 1369 3241 Dionystodsrqs,

231 3260 358 3325 utinepte
369 3259 471 3309 Belinus
486 3258 607 3324 conjecit)
625 3259 744 3323 ignorant
757 3275 853 3310 omnes.
872 3260 976 3309 Belinus
989 3259 1099 3308 eundem
1114 3274 1169 3309 esse
1181 3260 1280 3325 putarit
1291 3265 1369 3325 atque

231 3354 457 3420 Boeotumillum,
475 3357 550 3421 eujus
567 3337 714 3426 Ἑλληνικά
731 3355 818 3406 laudat
837 3355 909 3405 Diod.
930 3355 980 3404 Sic.
997 3355 1050 3403 XV.
1077 3351 1125 3418 95,
1149 3353 1261 3404 incertae
1281 3355 1371 3404 aetatis

230 3446 370 3496 hominem.
389 3447 457 3512 Quas
472 3448 553 3499 Belini
578 3449 665 3513 opinio
686 3465 739 3498 non
760 3448 841 3510 magis
857 3447 942 3512 placet
957 3444 1128 3508 quamllossii
1144 3444 1188 3510 (H.
1204 3448 1234 3495 G.
1249 3462 1274 3511 p.
1290 3443 1371 3507 433.),

230 3532 435 3596 Dionysodorum
452 3534 541 3597 illum,
558 3536 603 3600 qui
619 3551 713 3600 paeana
734 3535 877 3599 quendum,
901 3532 998 3581 Socrati
1020 3548 1035 3580 a
1055 3532 1186 3580 nonnullis
1204 3532 1371 3597 vindicatam,

230 3618 315 3668 sidem
331 3617 490 3683 abjudicatas
509 3622 590 3670 fertur
612 3622 692 3689 (Diog.
710 3621 792 3672 laert.
810 3622 845 3669 ll.
864 3619 890 3668 ὅ.
909 3616 971 3681 42),
990 3633 1004 3667 0
1022 3616 1116 3666 Boeoto
1140 3634 1192 3666 non
1211 3617 1374 3680 distinguen-

230 3703 272 3754 tis.
299 3705 423 3769 Equidem
450 3722 498 3755 nec
521 3707 721 3771 Dionysodorum
746 3707 880 3769 criticum,
912 3705 944 3753 de
974 3720 1026 3768 quo
1053 3720 1094 3768 ap.
1119 3703 1191 3765 Diog.
1213 3719 1295 3753 sermo
1318 3711 1372 3768 est,

231 3805 319 3854 nsque
338 3790 461 3842 editorem
479 3792 648 3857 Epistolarum
668 3792 807 3844 Ptolemaei
821 3792 957 3841 ‘diversum
979 3790 1096 3840 laoiama
1112 3790 1276 3852 grammatico
1296 3790 1375 3839 Alex-

230 3876 358 3941 andrino.
378 3878 517 3927 Aristarchi
533 3879 674 3944 discipulo,
693 3894 769 3943 quem
786 3881 953 3927 memoratum
969 3876 1039 3939 legas
1056 3876 1084 3924 in
1100 3875 1184 3925 Schol.
1202 3876 1274 3923 Hom.
1292 3876 1372 3925 Iliad.

231 3973 284 4043 (ed.
308 3972 401 4040 sekk.)
426 3976 453 4025 s.
480 3974 543 4033 1113
563 3992 649 4041 neque
671 3977 773 4026 tandem
796 3976 828 4024 sb
850 3991 896 4038 00,
918 3974 964 4039 qui
981 3959 1049 4043 περὶ
1069 3958 1213 4039 ποταμῶν
1229 3973 1330 4040 scripsit
1347 3977 1374 4023 et

230 4072 309 4137 eujus
338 4075 507 4138 fragmentum
539 4077 646 4126 affertur
672 4091 703 4126 ex
725 4068 788 4141 τοῖς
804 4059 959 4148 παρᾶτοῖς
979 4054 1374 4147 τραγωδικοῖςὴμαρτη-

230 4156 333 4254 μένοις
349 4174 405 4239 vel,
420 4179 450 4225 ut
465 4175 677 4226 westermannus
692 4174 756 4239 legit
776 4176 808 4227 ad
827 4177 898 4226 Voss.
918 4174 937 4226 l.
958 4176 993 4242 1.,
1011 4167 1185 4253 τραγῳδοῖς.
1211 4179 1268 4231 Vid.
1286 4180 1372 4231 schol.

230 4267 265 4319 ad
280 4267 368 4331 Burip.
385 4268 489 4332 Hippot.
509 4264 573 4331 122,
586 4268 665 4317 Ithes.
676 4265 736 4318 504.
747 4269 818 4317 Idem
836 4268 927 4334 edam,
946 4269 978 4319 de
996 4287 1051 4321 mea
1075 4276 1145 4321 certe
1162 4272 1375 4337 0001000110,οἡ-

230 4354 440 4419 stimulasset,
458 4352 503 4418 qui
519 4359 637 4417 quartum
654 4353 813 4417 cabirorum,
828 4355 965 4419 Camilum,
978 4357 1130 4407 Mercurium
1140 4374 1194 4407 esse
1210 4358 1289 4423 dixit,
1307 4362 1374 4409 teste

230 4439 522 4506 srh01.llp011.lthod.
548 4441 569 4491 1.
597 4439 657 4490 91⁷.
682 4442 707 4489 Is
731 4455 791 4490 vero
809 4440 996 4506 Dionysodorus
1012 4443 1075 4508 quid
1099 4459 1233 4495 commune
1252 4444 1374 4495 habuerit

230 4542 293 4577 enm
307 4527 420 4577 Rhetors
430 4561 438 4590 ,
448 4542 524 4590 quem
538 4528 665 4578 Lucienus
675 4528 760 4592 Symp.
770 4527 806 4577 Vl
823 4542 879 4592 sqq.
888 4543 947 4578 cum
958 4529 1068 4582 llistiaeo
1083 4530 1252 4581 Grammatico
1264 4531 1374 4595 aliisque

231 4613 426 4678 colloquentem
442 4613 557 4679 inducit,
575 4614 734 4665 constituere
752 4629 807 4663 non
824 4615 913 4664 ausim.

1187 4702 1217 4751 2*
