3300 5600
797 593 860 655 104

259 761 360 852 φησίν
380 753 400 828 ό
429 751 731 850 Ἀριστόβουλος
754 753 885 828 ἑστάναι
911 758 943 826 ἐν
968 750 1060 826 ὕδατι
1086 760 1236 844 κίειστῷ·
1257 758 1418 848 πρασίοες

205 931 210 952 ,
259 858 289 931 δ’
313 861 393 932 εἶναι
422 858 482 939 τός
514 859 648 948 ἐχούσας
674 856 787 949 αὐτὴν·
814 857 904 954 ὕψος
932 863 970 932 δὲ
995 861 1056 929 τοῦ
1078 863 1186 950 φυτοῦ
1212 852 1417 950 τετράπηχυ

259 958 447 1051 ποίιόσταχό
481 988 519 1031 τε
550 964 604 1032 καί
636 955 863 1055 πολύκαρπον·
895 966 1097 1056 θερίζεσθαι
1129 963 1167 1031 δὲ
1199 963 1280 1052 περί
1308 961 1412 1038 δόσιν

258 1062 441 1159 Πίηῖόδος,
470 1067 525 1133 καί
554 1066 757 1135 πτίσσεσθαι
784 1065 831 1145 ὠς
851 1063 910 1146 τός
931 1061 1037 1151 ζειάς·
1059 1059 1211 1158 φύεσθαι
1232 1065 1343 1134 δὲκαὶ
1366 1070 1404 1140 ἐν

258 1174 300 1262 τῇ
321 1168 503 1260 Βακτριανῇ
523 1169 577 1236 καί
590 1169 787 1257 Βαβυλωνίᾳ
802 1172 859 1239 καί
878 1172 1022 1242 Σουσίιίι.

304 1278 399 1362 Quod
423 1298 510 1343 nune
528 1276 561 1345 b.
580 1276 604 1345 l.
626 1277 747 1364 legitur
766 1268 906 1345 οἷπότοό
925 1266 1113 1361 τυχόντος
1133 1266 1274 1362 όρυκτοῦ
1295 1296 1389 1361 χαρα-

260 1385 413 1467 χθεῒσαν,
428 1404 486 1467 pro
506 1404 571 1469 quo
587 1393 679 1447 entes
701 1381 858 1447 edebatur
874 1370 1050 1468 ψόχοντος,
1061 1379 1096 1444 id
1110 1379 1245 1444 eximiae
1262 1377 1385 1443 debetur

261 1487 439 1554 casauboni
471 1486 704 1567 emendationi,
733 1486 890 1552 laudantis
921 1485 1000 1551 baec
1023 1487 1119 1552 verba
1142 1485 1307 1553 Strabonis
1333 1484 1382 1553 vlt

261 1616 293 1679 p.
315 1595 381 1662 478
400 1594 452 1658 B:
477 1582 573 1661 Ἡδὲ
594 1581 674 1678 tuq
696 1583 796 1657 πεόισί
816 1589 871 1655 καί
892 1580 1021 1675 εόχαιός
1041 1588 1111 1656 ἐστι
1127 1589 1235 1671 πᾶσοι,
1259 1586 1335 1672 σίτῳ
1352 1586 1380 1652 it

260 1696 314 1766 καί
342 1686 477 1785 σφόδρα
505 1683 642 1780 εότυχης
670 1713 679 1729 ·
708 1684 880 1781 τριάκοντα
905 1691 983 1778 χοῦν
1009 1684 1196 1759 ἀποδίδωσι
1228 1685 1297 1758 διὰ
1321 1688 1380 1756 τοῦ

260 1789 450 1883 τυχόντος
471 1788 641 1886 όρυκτοῦ
662 1787 882 1883 σχιζομένη,

306 1904 353 1968 De
363 1901 669 1989 oppidislndorum,
684 1900 875 1965 sublimibus
885 1901 919 1965 in
928 1901 1007 1966 loeis
1018 1902 1207 1980 exstructis,
1221 1899 1377 1966 eibrrian.

264 2009 374 2078 Ιιιιίὶο.
390 2010 431 2074 Χ.
452 2011 488 2089 4,
510 2006 550 2072 de
566 2029 659 2095 oryza
681 2028 756 2071 vere
773 2007 856 2072 Plin.
877 2007 919 2072 II.
936 2003 980 2074 N.
998 2008 1120 2076 XVIII.
1141 2010 1194 2075 13.
1218 2007 1307 2071 Stare
1324 2025 1378 2068 eeu
1412 2064 1415 2071 .

263 2112 295 2180 ἐν
314 2105 410 2179 ὕδατι
430 2111 568 2196 κίειστιηῖ
589 2134 696 2199 neque
716 2112 881 2198 Megillum
897 2115 1081 2198 praeteriit,
1105 2115 1161 2200 qui
1182 2113 1270 2199 apud
1291 2109 1378 2176 Streb.

262 2243 295 2306 p.
329 2221 415 2284 1014
444 2219 467 2286 G
500 2241 507 2282 :
547 2211 611 2307 Την
632 2209 753 2305 ὄρυζαν
774 2215 977 2301 σπείρεσθαι
1004 2216 1063 2302 μὲν
1088 2210 1157 2305 πρό
1178 2218 1244 2283 τοῖν
1265 2208 1380 2302 ὄμβρου

261 2322 386 2413 φησίν·
409 2314 524 2396 όδείας
545 2318 582 2385 δὲ
601 2318 655 2384 καί
676 2317 815 2407 φυτείας
836 2321 971 2386 δεῖσθαι
987 2313 1056 2386 όπό
1076 2321 1140 2386 τῶν
1160 2320 1313 2386 κίειστῶν
1332 2337 1396 2382 πο·

260 2423 428 2512 τιζομένην
449 2416 584 2490 όόότων.
616 2425 762 2493 Vertitur
791 2426 859 2490 illic
891 2428 930 2490 in
964 2450 1057 2514 aqua
1088 2426 1258 2491 οίιιυίοιιίι
1287 2438 1379 2495 stare,

261 2531 348 2597 unde
387 2530 765 2616 conjicieinterpretem
792 2532 908 2618 legisse
945 2529 977 2597 ἐν
1010 2523 1105 2596 ὕδατι
1133 2529 1277 2614 κίυστῷ,
1310 2522 1380 2616 qued

261 2649 367 2705 tamen
385 2634 498 2700 fictum
513 2647 560 2700 est
577 2637 787 2702 vocabulum.
810 2627 969 2702 Κλειστόν
989 2629 1079 2722 ὕδωρ
1104 2635 1294 2721 capiendum
1309 2633 1380 2699 vide-

261 2754 314 2807 tur
333 2741 372 2806 de
389 2763 492 2829 aqua,
511 2743 752 2829 aggeribus‚ne
762 2740 900 2822 defluat,
915 2739 1059 2829 undique
1070 2744 1195 2824 cineta;
1216 2739 1379 2830 quomedo,

261 2851 287 2912 si
311 2859 399 2916 reete
420 2849 569 2925 memini,
597 2861 628 2913 et
653 2849 749 2914 bodie
770 2850 803 2911 in
823 2870 937 2935 oryzae
958 2849 1085 2914 eultura
1109 2849 1179 2914 fieri
1198 2851 1289 2915 solet.
1312 2846 1379 2914 Hine

261 2954 496 3039 Theophrastus
522 2946 562 3019 τό
594 2945 713 3041 όρυζον
737 2965 889 3041 tanquam
912 2945 968 3018 τόν
990 2943 1227 3042 τοιονχρόνοι
1248 2944 1378 3020 ἐνόδιοι

261 3050 411 3147 πεφυκός
428 3059 597 3143 descripsit
614 3060 706 3126 Hire
727 3060 848 3126 Plane.
869 3061 926 3128 IV.
951 3063 982 3126 4.
1004 3061 1056 3123 10.

754 3273 902 3339 XXXVI.

304 3462 419 3525 Strabo
441 3463 551 3547 XVp.
575 3465 760 3528 1015t-
773 3464 808 3530 C.
836 3454 900 3551 Τήν
920 3451 1095 3548 ὁμοιότητα
1115 3458 1174 3547 τῆς
1193 3479 1304 3546 χωρας
1319 3475 1382 3523 ταυ-

259 3586 317 3650 της
341 3556 429 3683 πρός
452 3587 489 3631 τε
513 3558 570 3653 την
594 3563 762 3652 Αἴγυπτον
781 3564 836 3630 καί
855 3557 911 3652 τήν
931 3559 1128 3642 Αἰθιοπίαν,
1150 3559 1205 3627 καί
1224 3552 1321 3628 πόλιν
1338 3547 1382 3641 τόν

260 3658 475 3756 εναντιότητα,
502 3660 714 3794 παραθείςό
743 3659 1064 3757 Ἀριστόβουλος,
1099 3655 1184 3731 όιότι
1212 3664 1262 3749 τῷ
1288 3659 1383 3739 Nerius

260 3767 319 3853 μὲν
344 3768 378 3836 ἐκ
402 3771 468 3835 τῶν
496 3769 609 3837 νοτίων
635 3762 812 3859 όμβρων’
794 3770 881 3839 εστίν
908 3764 928 3857 ἦ
954 3761 1137 3858 πλήρωσις,
1163 3771 1234 3842 τοῖς
1262 3759 1385 3836 ’[νόικοῖίΙ

261 3876 423 3956 ποταμοῖς
450 3872 487 3939 δὲ
513 3864 580 3940 οἷπό
606 3875 671 3940 τιὸν
692 3867 861 3963 οἷρκτικῶν,
885 3872 990 3962 ζητεῖ,
1011 3872 1085 3947 πῶς
1105 3869 1138 3938 οἱ
1156 3865 1279 3953 μεταξό
1300 3859 1385 3937 edroi

261 3998 299 4040 ου
324 3977 590 4096 κατομβροῦνται
617 3968 701 4049 Οότε
725 4002 785 4065 γαρ
813 3968 834 4065 ἦ
858 3976 984 4095 Θηβαις
1002 3973 1100 4064 μέχρι
1123 3964 1242 4063 Συήνης
1263 3973 1316 4041 καί
1332 3963 1383 4037 τόν

260 4072 352 4164 ε’χχός
372 4068 524 4168 Μερόης,
548 4070 624 4147 οότε
645 4102 711 4197 της
723 4072 900 4167 Ἰνδικῆς
859 4104 901 4145 τα
917 4072 984 4146 όπό
1000 4101 1058 4205 της
1076 4076 1288 4201 Πατταληνης
1303 4073 1387 4161 μέχρι

214 4204 215 4208 ’
259 4180 320 4247 τοῦ
344 4172 516 4248 Ὑόόσπου.
551 4174 711 4271 sbve‘
692 4181 777 4272 νπὲρ
804 4184 906 4248 ταῦτα
933 4206 974 4247 τα
1002 4179 1087 4270 μέρη
1109 4171 1227 4269 χιόραν,
1250 4179 1283 4247 ἐν
1302 4205 1322 4269 η
1308 4162 1386 4241 nsi

261 4274 383 4373 όμβροι
405 4283 462 4350 καί
485 4285 627 4375 νιφετοί,
654 4280 944 4409 παραπλησίως’
922 4309 988 4375 εφη
1014 4288 1234 4374 γεωργεῖσθαι
1254 4308 1295 4371 τη
1282 4247 1391 4357 όίόίί
1417 4320 1418 4327 ¹

260 4387 302 4474 τῇ
332 4383 395 4466 ἔξω
422 4389 480 4475 τῆς
506 4380 641 4477 Ἰνδικῆς
665 4386 771 4479 χώρηι·
798 4388 1000 4469 ποτίζεσθαι
1024 4382 1086 4477 χόρ
1118 4386 1153 4453 ἐκ
1177 4411 1244 4453 των
1268 4379 1388 4507 όμβρωί

261 4487 399 4556 καὶτῶν
419 4484 541 4576 χιόνων.
563 4486 659 4568 Εἰκός
681 4485 711 4558 ό
732 4485 782 4567 οἷς
797 4496 923 4582 εἴρηκεν
941 4482 1049 4572 οὗτος,
1066 4490 1122 4555 καί
1137 4481 1303 4558 εόσειστον
1319 4476 1390 4551 εἶναι

254 4584 310 4681 τήν
329 4592 397 4681 χῆν,
425 4593 641 4686 χαυνουμένην
656 4588 724 4665 όπο
736 4595 795 4683 τῆς
809 4585 972 4683 πολλῆςι
951 4592 1127 4683 υχροσίας,
1144 4620 1200 4662 και
1192 4583 1389 4685 ἑκρὴγμᾱία
