3300 5600
822 566 947 668 αἶ

247 804 251 815 ·
304 758 404 856 ῦληθη.
425 767 458 835 σί
479 768 517 835 δὲ
541 758 728 859 desiderari
748 771 913 861 περὶτῶν
934 765 1135 860 Ὀξυδρακῶν.
1169 778 1273 860 Quem
1300 778 1407 843 locam

303 883 330 936 at
344 873 397 938 lac
424 875 586 941 conseram
611 874 783 942 admonear
803 890 954 964 corrupta
977 880 1114 944 lectione
1135 873 1200 967 ὑφ’
1219 871 1280 963 ὦν,
1305 885 1406 948 mani-

304 979 362 1042 lrsto
378 980 523 1045 mutanda
541 984 575 1044 ia
594 978 658 1071 ἀφ’
678 973 730 1048 ὦν.
754 984 825 1062 sic,
849 996 884 1049 ut
905 985 966 1049 hoc
988 973 1265 1072 utar,‚'Aeaehylus
1282 989 1406 1075 Agam.

304 1088 373 1150 611:
393 1078 494 1150 Ἀπὸ
515 1084 687 1172 στρατείας
707 1077 811 1176 ίίνῦρα
832 1080 993 1163 σώσαντος
1014 1090 1111 1171 θεοῦ,
1134 1090 1191 1155 ubi
1211 1105 1281 1178 post
1305 1087 1408 1180 ἄνδρα

303 1191 464 1256 Schuetzius
481 1191 565 1254 male
581 1189 736 1258 distinxit.

775 1368 895 1440 XXIV.

329 1544 436 1610 Irrian.
455 1544 529 1615 vll.
547 1543 602 1610 26.
623 1545 664 1622 2,
687 1546 720 1610 3.
744 1539 906 1628 Λέγουσιν
924 1540 960 1610 αἱ
978 1541 1174 1633 ἐφημερίδες
1184 1543 1219 1612 αἱ
1227 1543 1404 1628 βασίλειοι,

305 1640 372 1732 latai
387 1648 447 1714 τοῦ
466 1639 651 1736 Σερῦπιῦος
671 1645 753 1736 ίερηῖ
769 1635 928 1712 Πείθωνά
946 1668 984 1710 τε
1002 1645 1248 1735 ἐγκοιμηθέντα,
1259 1640 1406 1715 καὶ”Ατ.

305 1748 376 1832 ναίον,
404 1749 460 1816 καί
488 1750 712 1840 Δημοφῶντα,
742 1747 797 1812 καὶ
826 1736 1027 1850 Πευκέσταν,
1044 1743 1130 1838 πρός
1151 1749 1202 1834 δὲ,
1224 1748 1406 1840 Κλεομένην

302 1872 334 1932 ιε,
346 1851 394 1919 καί
409 1852 566 1934 Μενίδαν,
585 1850 640 1917 καί
658 1849 821 1932 Σέλευκον,
842 1848 1008 1940 ἐπερωτᾶν
1024 1846 1081 1919 τόν
1100 1847 1189 1936 θεόν,
1213 1852 1243 1920 εἰ
1258 1854 1343 1940 λῷον
1350 1853 1407 1920 καλ

245 1978 246 1985 ¹
300 1944 397 2035 ίμεινσν
415 1946 622 2044 Ἀλεξάνδρῳ
644 1951 692 2031 είς
709 1945 747 2020 τῦ
767 1947 854 2043 ίερὸν
873 1955 932 2020 τοῦ
951 1955 1038 2020 θεοῦ
1055 1954 1253 2037 κομισθέντα
1270 1955 1325 2022 καί
1342 1955 1407 2025 ἱκε-

298 2047 426 2126 τεῦσαντα
452 2050 707 2148 θεραπεύεσθαι
730 2049 817 2146 πρός
842 2057 902 2123 τοῦ
922 2058 1024 2123 θεοῦ·
1050 2057 1104 2123 καὶ
1121 2057 1275 2144 γενέσθαι
1296 2056 1405 2150 φήμην

263 2200 268 2208 -
297 2152 346 2226 aad
366 2160 397 2228 ἐκ
424 2163 485 2229 τοῦ
507 2161 603 2245 θεοῦ,
627 2155 672 2250 μή
689 2159 886 2244 νομίζεσθαι
904 2158 953 2235 εἰς
971 2153 1009 2227 τῦ
1029 2155 1125 2250 ἱερόν,
1146 2159 1214 2227 ἀλλ’
1229 2159 1330 2228 αὐτοῦ
1346 2162 1405 2246 μὲ-

297 2284 356 2332 νοπι
370 2261 510 2332 ἔσεσθαι
529 2257 667 2349 ῦμεινον.
691 2255 801 2330 Ταῦτσί
820 2286 859 2329 τε
878 2260 1065 2350 ἐπαγγεῖλαι
1080 2262 1156 2340 τοῦς
1172 2262 1335 2353 ἑταίρους,
1350 2265 1405 2330 καί

244 2422 247 2439 .
296 2357 484 2458 Ἀλέξανδρον
511 2365 550 2434 οῦ
577 2359 663 2435 πολῦ
691 2359 828 2455 ῦστερσν
855 2363 1043 2447 ἀποθανεῖν,
1075 2357 1120 2444 οῦς
1139 2352 1236 2434 τοῦτο
1257 2359 1323 2456 ’ῦρα
1342 2359 1404 2457 ἤδη

244 2488 247 2567 3
296 2457 369 2539 ῦντῦ
393 2463 531 2555 ίίμεινσν,
558 2467 604 2539 Οῦ
628 2460 745 2561 πόρρω
775 2467 813 2534 δὲ
837 2460 957 2535 τούτων
973 2460 1047 2535 odae
1065 2461 1309 2560 Ἀριστοβούλην
1327 2464 1404 2538 odes

244 2586 247 2611 ¹
295 2573 509 2660 Πτολεμαίῳ
531 2570 779 2662 ἀναγέγραπται.

323 2677 517 2759 Brevissima,
542 2679 597 2744 sed
626 2702 662 2744 ex
694 2678 805 2743 eodem
827 2679 915 2742 fonte
938 2679 1109 2764 primaria,
1136 2680 1401 2767 Ephemeridibus

244 2776 246 2862 ζ
293 2777 396 2873 legiis,
425 2785 466 2852 de
496 2785 557 2852 hae
591 2784 750 2872 Serapidis
785 2784 1018 2850 consultatione
1049 2774 1183 2851 absolvit
1212 2788 1400 2854 Plutarchus

244 2911 246 2988 ζ
293 2886 351 2957 Vir.
367 2894 466 2959 Αίσα.
483 2894 626 2963 LXXVI.
662 2879 825 2978 Τετοίρτης
852 2889 909 2979 (sic
933 2893 1016 2956 enim
1037 2892 1209 2978 legendam
1233 2916 1318 2975 esse,
1339 2916 1401 2959 nee

290 2985 400 3087 ταύτης,
423 2999 518 3066 docet
538 3001 686 3065 orationis
704 2994 882 3083 contextus)
907 2998 965 3083 τῆς
985 2988 1107 3085 ἡμέρας
1117 2994 1307 3085 (φθίνοντος
1321 3003 1400 3065 Δαι-

290 3093 358 3185 σλου)
377 3102 408 3170 οἱ
428 3102 508 3192 περὶ
524 3095 672 3169 Πῦθωνα
686 3099 739 3166 καὶ
756 3098 911 3167 Σέλευκον
932 3097 979 3175 είς
1000 3093 1039 3165 τῦ
1058 3104 1237 3188 Σεραπεῖον
1256 3097 1400 3168 ἀποστα-

288 3190 389 3287 λίνιες,
412 3199 561 3296 ἠρώτων,
593 3203 623 3272 εἰ
653 3203 841 3288 κομίσοοσιν
871 3202 937 3269 ἐκεῖ
963 3196 1021 3270 τόν
1050 3197 1294 3292 Ἀλέξανδρον·
1323 3195 1343 3271 ό
1364 3202 1401 3271 δὲ

243 3343 245 3348 -
287 3297 353 3382 θεός
370 3304 450 3375 κατσί
471 3300 579 3400 χώραν
599 3308 652 3395 ε’ᾇν
672 3301 785 3379 όνεῖλε.
825 3312 886 3375 Pro
912 3299 1059 3374 Πύθωνα
1080 3330 1198 3391 repone
1225 3305 1398 3388 Πείθωνα,

287 3414 315 3467 ¹¹¹
331 3434 356 3479 θ.
372 3417 504 3482 LXXIII
521 3403 732 3503 Πειθαγόραν
746 3439 804 3501 μισ
821 3404 1022 3500 Πυθαγόραν
1048 3412 1103 3502 (cl.
1117 3415 1253 3482 Aristob.
1273 3414 1397 3499 Fragm.
1470 3447 1474 3451 ·

285 3504 441 3608 Illud),
466 3543 660 3609 quamquam
700 3511 824 3586 Πύθων
863 3522 981 3607 legitur
1015 3520 1099 3605 apud
1131 3522 1254 3587 Aelian.
1289 3519 1331 3585 V.
1358 3519 1399 3583 H.

283 3608 356 3692 XIV.
377 3632 417 3693 48
438 3628 591 3714 etultivis
612 3628 678 3691 fere
705 3626 789 3712 apud
817 3626 1009 3703 Diodorum,
1039 3628 1099 3689 nisi
1129 3627 1212 3714 quod
1242 3627 1399 3691 rarissime

281 3718 308 3781 λθ
335 3734 430 3803 Codd.
461 3734 613 3799 scribitur
643 3732 771 3798 Πίθων.
817 3733 877 3798 Sed
912 3734 1037 3797 llariarri
1068 3744 1213 3797 constans
1242 3735 1400 3817 scriptura

280 3824 404 3906 lleidwv
422 3841 475 3906 hie
493 3840 674 3924 praevaleat
694 3850 834 3926 oportet,
859 3840 910 3904 eui
932 3838 1099 3924 respondet
1115 3840 1215 3905 Curtii
1235 3850 1267 3903 et
1283 3838 1399 3903 Justini

279 3925 373 4015 lxlll.
398 3950 444 4034 4.)
471 3946 613 4011 Pitlrora.
643 3948 768 4011 Habent
797 3947 891 4010 etiam
920 3945 1024 4009 Photii
1053 3944 1178 4011 codices
1204 3942 1356 4022 Πείθων,
1379 3965 1399 4008 a

274 4050 456 4119 ⁰⁰rrectoris
469 4075 563 4117 manu
576 4041 716 4132 Πῦθων,
733 4053 786 4118 sed
799 4052 964 4117 Bellerus
975 4048 1095 4116 Πίθων
1106 4050 1268 4137 praetulit.
1288 4048 1398 4113 Trium

269 4132 456 4240 pithonum,
483 4156 653 4224 Alexandri
683 4162 856 4239 comitam,
889 4158 1005 4245 quibus
1029 4168 1161 4244 quartus
1188 4158 1318 4220 sortasse
1341 4153 1397 4218 ad-

264 4236 389 4332 dendus
410 4278 456 4331 est
474 4288 510 4330 ex
527 4263 653 4330 Arriani
670 4263 778 4331 India.
797 4268 868 4334 XV.
887 4268 947 4344 10,
968 4264 1118 4328 hocloco
1137 4262 1297 4327 indIeatur
1314 4261 1397 4325 Cra·

261 4353 362 4436 “liae
369 4371 491 4457 filias,
504 4370 672 4437 Alexandri
693 4360 934 4459 σωματοφύλαξ
948 4370 1099 4457 (Xristab.
1112 4371 1237 4455 Fragm.
1255 4362 1395 4451 xle.)‚

257 4462 314 4527 ⁰¹¹5
329 4492 402 4562 post
413 4480 509 4565 Regis
529 4490 662 4543 mortem
681 4476 801 4541 Mediae
813 4478 950 4562 satrapia
962 4477 1055 4540 cessit
1071 4475 1179 4562 (Diod.
1198 4475 1262 4540 Sic.
1275 4472 1394 4540 XVIII.

254 4552 296 4642 3»
321 4579 363 4669 7;
385 4586 479 4655 Phot.
500 4608 532 4671 p.
549 4586 698 4664 elaad,
719 4584 764 4650 69
784 4604 803 4648 a
820 4585 880 4666 373
903 4584 991 4653 Curt.
1012 4584 1052 4652 X.
1067 4584 1120 4654 10.
1136 4581 1180 4671 4.)
1204 4583 1395 4669 Regumque
