3300 5600
831 563 907 623 55.

229 771 235 784 ·
304 733 407 815 pusillis
421 731 569 813 haerere,
589 731 748 819 quemad
771 732 957 820 gravissima
979 750 1128 821 quaeque
1147 734 1288 800 animum
1308 742 1415 802 att'en·

229 861 240 902 l

229 968 241 1019 le

321 859 348 903 er
375 838 447 905 rtd
512 886 515 893 -
586 896 590 909 .
1197 896 1215 903 ·-
1339 890 1342 897 .
1402 892 1406 901 ·

305 835 511 1019 1111111101ῑί
538 965 615 1011 rere
643 943 810 1032 diligentia
837 953 995 1030 quantum
1019 943 1187 1028 conjunxit
1210 920 1413 1016 Aristobulus

232 1051 238 1067 '
305 1049 597 1130 taritatia'studium,
624 1062 778 1137 quautam
794 1049 916 1117 fidem?
947 1049 1003 1115 Est
1025 1047 1105 1117 haec
1129 1051 1163 1117 in
1180 1053 1318 1121 maxima
1340 1077 1413 1142 gra-

241 1158 243 1166 '
304 1154 380 1227 n'tate
398 1177 541 1227 summae
563 1155 762 1225 difficultatis
786 1156 948 1243 quaestio,
968 1176 1067 1242 quam
1085 1166 1121 1220 ut
1141 1158 1344 1246 aliquantum
1360 1181 1414 1226 su·

299 1280 447 1347 paramum
471 1283 550 1349 age,
570 1263 612 1329 ab
627 1264 755 1329 Arriani
768 1261 893 1348 judicio
910 1261 1065 1348 proiecti,
1089 1281 1174 1348 qure
1190 1264 1268 1332 hinc
1292 1288 1415 1334 summa

297 1369 419 1457 cogitur,
437 1388 509 1435 eam
528 1389 604 1437 cum
622 1370 760 1437 abarum
779 1369 968 1435 testimoniis
988 1389 1221 1453 comparemus.

327 1474 571 1553 «Aristobulus,
597 1474 686 1561 quod
714 1474 895 1542 merendre
923 1474 986 1539 luit
1011 1471 1219 1560 expeditionis
1244 1476 1285 1541 ira
1306 1476 1415 1544 daiam

289 1574 402 1662 eomas,
419 1578 629 1657 reiterata
654 1579 752 1664 huJus
774 1581 869 1645 rebus
887 1581 983 1666 gestis
1007 1599 1082 1644 vere
1108 1581 1231 1666 potnit,
1256 1593 1288 1647 et
1312 1585 1413 1671 magis

287 1687 390 1767 edam,
407 1684 497 1773 quod
514 1683 644 1752 demum
663 1698 737 1772 post
754 1686 853 1773 Regis
872 1697 1007 1751 mortem
1026 1687 1268 1753 commentarios
1294 1686 1412 1769 edidit,

283 1814 377 1883 pum
387 1791 482 1862 illum
493 1812 600 1879 neque
615 1792 808 1859 absterreret
825 1803 929 1859 metas
941 1812 1047 1879 nsque
1059 1791 1205 1876 alliceret
1216 1793 1412 1882 praemium,

278 1909 311 1967 ut
324 1899 420 1965 aliter
437 1919 535 1985 quam
550 1896 741 1967 accidissent
760 1899 888 1987 singula
910 1898 1109 1966 scriberet.»
1133 1899 1206 1965 Huc
1225 1898 1310 1965 redit
1326 1898 1414 1966 baud

274 2003 476 2077 inconditum
491 2003 624 2073 arriani
635 2002 813 2088 judicium,
832 2025 929 2091 quem
948 2002 988 2069 de
1005 2003 1187 2070 Ptolemaeo
1207 2004 1319 2071 erdem
1339 2006 1409 2070 iere

273 2110 497 2198 pronuntiasse
511 2108 658 2178 vidimus.
683 2111 791 2195 Quum
807 2122 918 2176 autem
929 2129 1003 2175 tera
1020 2109 1164 2174 scribere
1180 2112 1237 2196 qui
1253 2111 1410 2197 potuisset

273 2236 388 2303 reapse
411 2217 507 2283 etiarn
536 2216 672 2287 valuisse
700 2215 873 2298 videretur,
896 2216 1049 2283 Arrianus
1074 2213 1166 2299 juxta
1190 2216 1412 2282 Ptolemaeum

273 2324 409 2391 maxiano
431 2322 651 2391 Aristobulum
677 2323 739 2387 sibi
760 2308 874 2410 elegit,
899 2344 996 2411 quem
1012 2325 1048 2387 in
1069 2322 1134 2386 rita
1155 2321 1315 2409 lactisque
1335 2321 1413 2387 Ale-

273 2429 385 2497 rmdri
404 2428 586 2497 enarrandis
607 2427 725 2495 ducem
743 2441 946 2516 sequeretur.
969 2426 1066 2512 Quod
1086 2427 1179 2493 uobis
1196 2427 1329 2514 quidem
1351 2448 1411 2512 pro

275 2536 399 2603 meritis
424 2534 602 2602 aristobuli
621 2556 686 2600 uon
705 2546 810 2622 potest
829 2557 894 2600 nen
911 2536 1132 2622 ‘gravissimum
1157 2555 1224 2600 esse
1242 2534 1415 2620 argumen-

275 2653 361 2722 tum,
391 2639 551 2728 siquidem
581 2641 752 2721 Arrianus,
790 2643 847 2728 qui
876 2663 913 2707 ea
945 2642 1021 2705 ririt
1047 2651 1169 2720 aetate,
1198 2661 1262 2726 qua
1290 2640 1316 2704 si
1348 2661 1413 2703 aon

275 2748 436 2828 omnium,
468 2759 501 2814 at
532 2749 629 2836 louge
660 2748 874 2836 plurimorum
903 2746 1076 2814 Alexandri
1106 2746 1260 2813 comitum
1290 2746 1411 2832 scripta

276 2866 481 2943 supererant,
511 2854 612 2940 probe
642 2855 704 2940 ipsi
733 2855 861 2941 cognita
884 2865 917 2919 et
943 2855 1105 2934 consulta,
1134 2865 1240 2917 tamen
1261 2873 1408 2936 premere

275 2961 449 3027 Aristobuli
470 2971 502 3025 et
520 2962 693 3026 Ptolemaei
709 2963 858 3048 vestigia,
879 2982 976 3047 quam
988 2960 1029 3026 ab
1046 2960 1116 3024 aliis
1135 2957 1307 3022 indicatam
1328 2958 1411 3021 viam

274 3066 400 3156 ingredi
415 3067 538 3135 maluit.
551 3065 660 3149 Quid?
676 3066 763 3154 quod
781 3068 816 3131 iu
828 3063 985 3133 Atrebati
995 3105 1034 3118 -
1045 3086 1120 3129 nam
1137 3062 1176 3127 de
1194 3061 1329 3132 Indicia
1346 3063 1408 3128 alia

276 3194 324 3238 res
352 3169 436 3262 ast1)
467 3205 508 3218 --
533 3169 714 3237 ceterarum
741 3173 984 3239 commentarios
1012 3172 1115 3256 ,unice
1144 3170 1211 3234 iere
1246 3167 1412 3248 adhibuit,

276 3279 432 3366 q'batenus
451 3278 500 3341 rel
517 3278 691 3343 Aristobuli
712 3290 744 3344 et
766 3267 942 3344 Ptolemaei
964 3276 1200 3345 narrationibus
1220 3296 1283 3341 uon
1304 3275 1411 3342 conti·

277 3386 397 3468 nebant
422 3386 599 3463 contraria,
630 3385 681 3448 rel
706 3384 755 3450 his
784 3385 972 3452 nonrelata
1001 3382 1193 3449 referebant.
1227 3382 1266 3446 Et
1296 3402 1337 3445 ue
1365 3381 1411 3445 sic

278 3491 426 3578 quidem,
451 3502 488 3555 ut
518 3491 585 3578 ipse
611 3501 811 3572 auctorest,
838 3490 976 3556 multum
999 3487 1131 3576 reliquis
1162 3486 1226 3551 illis
1254 3485 1408 3565 credidit,

277 3596 328 3681 led
346 3611 436 3687 quae
449 3595 645 3663 tradiderant
663 3608 816 3684 tanquam
836 3597 1039 3679 ncnpmniuu
1058 3593 1123 3660 fida
1142 3595 1289 3679 famaque
1306 3592 1409 3656 solum

279 3705 404 3793 vulgara
433 3700 606 3789 resopita).
641 3704 841 3776 Ptolemaeus
870 3724 945 3774 vero
976 3714 1008 3768 et
1035 3700 1254 3778 Aristobulus,
1284 3698 1410 3784 quoties

280 3878 477 3896 Q--e-—u-

306 3970 332 4038 1)
350 3975 382 4023 ln
405 3974 446 4023 bis
469 3973 537 4023 euim
562 3977 673 4025 sectatur
696 3990 755 4039 prae
777 3972 835 4023 aliis
856 3973 997 4023 Nearchum
1022 3975 1050 4032 et
1073 3970 1279 4035 llegartbanem,
1305 3967 1413 4018 laudatis

275 4057 420 4110 etiamtum
438 4058 574 4113 Alexandri
587 4059 753 4125 scriptoribus
774 4060 894 4110 universe
909 4059 955 4126 (ΙΙ.
970 4056 996 4123 4,
1013 4055 1042 4117 93
1061 4058 1094 4109 V.
1112 4056 1142 4121 ³,
1161 4055 1209 4115 10;
1228 4056 1271 4105 Vl.
1289 4052 1341 4117 1.),
1356 4056 1410 4102 tum

272 4146 350 4196 ”mel
372 4146 538 4196 Eratosthene
558 4150 586 4195 et
607 4147 689 4202 Ctesia
711 4146 768 4213 (111.
792 4144 826 4211 1,
851 4142 898 4211 li),
919 4145 982 4195 item
1005 4145 1128 4194 Hauuoue
1149 4139 1245 4208 (Xblll.
1262 4136 1315 4204 11.)
1331 4145 1358 4189 et
1373 4140 1412 4188 bis

269 4222 416 4281 onesicrite
433 4232 489 4299 (111.
504 4231 537 4290 63
556 4234 600 4283 vt.
616 4230 662 4297 8.);
683 4231 860 4285 Aristobulum
878 4247 939 4281 rere
953 4230 1046 4281 nullibi
1058 4230 1171 4288 fontibus
1186 4228 1411 4290 suisannumerat,

265 4321 426 4381 remquam
446 4322 474 4370 ss
494 4319 564 4370 am
590 4305 728 4381 tequam·
751 4317 911 4370 emanares
940 4315 1053 4376 tuear,
1078 4316 1136 4366 vta.
1155 4318 1243 4366 saroa
1261 4312 1294 4363 aa
1312 4313 1409 4375 arram.

261 4386 386 4458 xxxva
402 4406 430 4454 ar
444 4402 518 4460 xus
1110 4457 1113 4462 ,

305 4487 334 4553 1)
350 4488 469 4544 Prodere.
488 4487 513 4542 3.
531 4490 556 4548 Si
576 4505 637 4548 raro
656 4504 701 4540 sua
722 4494 762 4538 cet
785 4482 926 4540 Plutarcho
947 4488 1025 4552 lidae,
1044 4485 1120 4550 errius
1140 4490 1224 4534 tamen
1241 4483 1409 4551 patrocinium

260 4574 403 4639 ⁸ureipere
423 4574 518 4639 nolim,
537 4576 663 4640 Arrianus
683 4574 810 4641 promissis
833 4590 885 4624 nnn
908 4588 1008 4639 semper
1026 4573 1108 4624 stetit.
1135 4570 1313 4638 Quaestionem
1327 4569 1410 4633 cogita
