3300 5600
781 576 824 638 3³

277 741 435 810 Uxiorum
463 753 578 830 rogatu
603 742 692 808 Darii
719 757 873 828 matrem,
901 747 1124 836 Sisygambin‚
1156 752 1279 818 veniam
1309 772 1369 840 pre

228 871 269 914 ea
285 861 385 936 gente
403 850 445 914 ab
461 847 643 917 Alexandro
659 861 692 914 et
706 852 834 937 petiisse
851 863 883 916 et
903 853 1104 940 impetrasse,
1125 868 1236 923 auctor
1255 856 1368 926 itidem

228 967 280 1021 est
309 956 440 1022 Curtius
467 956 508 1026 V.
538 959 571 1023 3.
599 959 640 1021 13
665 978 736 1044 sqq.
760 958 843 1039 Alii,
868 970 906 1023 ut
934 961 1039 1028 innuit
1065 964 1159 1028 etiam
1187 964 1365 1044 Arrianus,

227 1063 320 1129 Uxiie
363 1063 440 1148 ipeie
479 1062 662 1149 petentibus
703 1064 808 1129 datam
845 1067 970 1132 veniam
1007 1069 1220 1138 tradiderunt.
1261 1071 1368 1158 Atque

226 1168 309 1234 hinc
331 1178 441 1254 petet,
465 1188 531 1256 quo
545 1168 620 1253 jure
637 1169 815 1236 Ellendtius
834 1193 872 1236 ex
889 1171 1053 1240 codicibus
1077 1166 1209 1262 εὕροντο
1234 1198 1366 1263 recepe·

228 1275 272 1340 ιίι
294 1295 355 1361 pre
371 1275 476 1340 activo
499 1260 603 1362 εὗρον.
626 1274 701 1342 vid.
720 1276 788 1360 ejus
806 1290 916 1346 annot.

768 1505 824 1570 xl.

277 1692 404 1759 Arriae.
427 1692 488 1759 ΠΙ.
512 1694 567 1760 26.
598 1681 752 1757 Ἐνταῦθα
779 1691 834 1757 καλ
861 1687 919 1783 τῆν
946 1685 1078 1761 Φιλώτα
1104 1690 1279 1785 ἐπιβουλήν
1305 1698 1366 1764 τοῦ

233 1793 466 1886 Παρμενίσκος
494 1789 619 1878 ἔμαθεν
649 1785 875 1884 Ἀλέξανδρος.
906 1794 973 1863 Καὶ
997 1794 1084 1884 λέγει
1108 1798 1366 1883 Πτολεμαῖος

230 1897 284 1966 καί
303 1889 581 1989 Ἀριστόβουλος,
604 1889 655 1965 ὅτι
674 1897 933 1988 προηγγελμένην
952 1891 1014 1989 ῆδη
1033 1899 1066 1968 οἱ
1082 1901 1137 1967 καλ
1153 1893 1318 1993 πρότερον
1334 1900 1367 1968 ἐν

230 1992 410 2090 Αίγάπτῳ·
433 1992 474 2068 οὐ
494 2000 603 2085 μέντοι
623 1991 724 2089 πιστῆ
745 2022 782 2088 γε
803 1992 906 2090 ἐφάνη
926 2003 985 2091 τῆς
1004 2025 1042 2068 τε
1059 2003 1174 2092 φιλίας
1188 2006 1247 2095 τῆς
1264 1996 1368 2073 πάλαι

229 2101 337 2172 εἵνεκα
361 2103 417 2170 καλ
444 2103 502 2194 τῆς
527 2101 562 2184 ἐξ
590 2095 691 2181 αὐτοῦ
715 2101 749 2178 ἐς
774 2096 991 2193 Παρμενίωνά
1015 2128 1052 2171 τε
1076 2099 1132 2172 τόν
1159 2105 1286 2195 πατέρα
1311 2102 1369 2176 τδν

232 2198 368 2276 Φιλώτα
393 2207 488 2297 τιμῆς
513 2203 568 2272 καί
594 2205 628 2281 ἐς
649 2199 746 2272 αάτόν
770 2198 917 2274 Φιλώταν
937 2207 1090 2284 πίστεως.
1117 2211 1368 2294 Πτολεμαῖος

229 2309 268 2378 δέ
295 2301 315 2378 ό
344 2300 482 2398 Λόγου
508 2307 609 2397 λέγει,
638 2307 831 2397 εἰσαχθῆναι
856 2309 890 2387 ἐς
910 2302 1104 2388 Μακεδόνας
1128 2303 1290 2395 Φιλώταν,
1312 2310 1368 2379 καί

227 2414 449 2507 κατηγορῆσαι
466 2411 534 2504 Ιμέν
560 2404 662 2480 αι’ποῦ
684 2410 826 2502 ἰσχυρώς
855 2412 1073 2505 Αλέξανδρον,
1097 2407 1370 2506 άπολογῆσασθαι

227 2514 267 2584 δέ
288 2508 389 2585 αὐτόν
412 2508 574 2584 Φιλώταν·
590 2514 644 2582 καί
664 2510 743 2593 τούς
764 2510 961 2607 ἐπιμηνυτάς
981 2520 1041 2584 τοῦ
1057 2515 1164 2608 ἔργον,
1183 2509 1370 2609 παρελθόν-

227 2641 291 2696 τας
323 2618 485 2708 ἐξελέγξαι
518 2610 666 2688 Φιλώταν
697 2643 735 2686 τε
766 2618 820 2687 καὶ
853 2614 931 2696 τοδς
963 2612 1047 2711 α’μφ’
1076 2614 1173 2691 αάτδν
1198 2615 1308 2698 άλλως
1332 2643 1371 2688 τε

228 2721 376 2811 ἐλέγχοις
409 2715 466 2790 οιίκ
506 2714 661 2813 άφανέσι,
694 2722 749 2789 καί
776 2714 918 2806 μάλιστα
945 2716 985 2814 δῆ
1013 2717 1065 2790 ότι
1090 2717 1189 2801 αότδς
1220 2716 1371 2802 Φιλώτας

228 2818 411 2893 πεπόσθαι
436 2826 495 2911 μὲν
521 2818 696 2917 ἐπιβουλῆν
720 2852 791 2894 τινα
813 2818 1021 2916 ’Λλεξάνδριρ
1044 2827 1372 2918 παρασκευαζομένην

227 2927 368 3020 συνέφη,
383 2927 569 3020 ἐξηλέγχπο
586 2927 623 2995 δέ
640 2921 893 3019 κατασιωπήσας
904 2920 1022 3019 ταύτην
1036 2924 1124 3017 πρδς
1142 2923 1370 3019 Ἀλέξανδρον,

226 3030 339 3102 καίτοι
363 3031 416 3108 δίς
442 3031 499 3099 ἐπί
520 3025 577 3121 τῆν
598 3024 711 3121 σκηνῆν
732 3024 894 3121 ὁσημέραι
913 3026 970 3122 τῆν
990 3024 1211 3122 Ἀλεξάνδρου
1237 3034 1372 3123 φοιτῶν.

226 3135 302 3204 Καὶ
330 3125 480 3202 Φιλώταν
505 3133 564 3219 μέν
584 3136 871 3224 κατακοντισθῆναι
893 3128 980 3224 πρός
1000 3128 1064 3200 τών
1090 3127 1299 3218 Μακεδόνων,
1318 3135 1374 3202 καὶ

226 3231 308 3308 ὅσοι
327 3229 421 3305 άλίοι
444 3236 601 3321 μετέσχον
625 3229 715 3322 αὐτῷ
736 3238 794 3327 τῆς
811 3235 999 3327 ἐπιβουλῆς·
1020 3236 1076 3304 ἐπί
1096 3239 1314 3328 Παρμενίωνα
1336 3236 1373 3305 δὲ

227 3340 386 3431 σταλῆναι
407 3331 662 3425 Πολυδάμαντα,
694 3339 749 3407 ἕνα
770 3341 835 3406 τών
855 3339 1002 3429 έταίρων,
1029 3330 1203 3430 γράμματα
1229 3341 1373 3432 φέροντα

226 3434 313 3534 παρ’
324 3433 543 3532 Ἀλεξάνδρου
563 3434 650 3532 πρός
663 3436 745 3518 τοδς
757 3437 958 3533 στρατηγούς
969 3434 1047 3518 τούς
1062 3441 1095 3510 ἐν
1109 3443 1237 3533 Μηδίᾳ,
1253 3442 1373 3512 Κλέαν-

226 3536 312 3637 δρόν
332 3568 370 3612 τε
393 3545 447 3613 καὶ
469 3531 623 3634 Σιτάλκην
645 3544 700 3611 καί
723 3545 886 3628 Μενίδαν·
911 3538 1003 3613 οὗτοι
1023 3537 1085 3635 γάρ
1113 3545 1170 3613 ἐπὶ
1192 3550 1251 3637 τῆς
1273 3569 1395 3637 στραω·

225 3651 318 3731 ταῖς,
341 3640 380 3737 ῆς
400 3638 481 3739 ἦρχε
501 3647 706 3738 Παρμενίων,
736 3647 922 3735 τεταγμένοι
943 3640 1033 3740 ἦσαν.
1056 3651 1123 3719 Καί
1144 3646 1231 3741 πρός
1251 3642 1374 3719 τούτων

226 3746 415 3820 ἀποθανεῖν
434 3752 665 3839 Παρμενίωνα,
693 3745 790 3836 τυχόν
812 3756 871 3836 μὲν
894 3746 946 3819 ὅτι
969 3747 1010 3820 οιί
1028 3747 1145 3824 πιστόν
1165 3746 1269 3821 ἐδόκει
1294 3745 1374 3821 εἶναι

224 3845 456 3944 Ἀλεξάνδρῳ,
486 3845 618 3922 Φιλώτα
643 3845 927 3938 ἐπιβουλεύοντος,
957 3849 1003 3945 μῆ
1024 3858 1259 3943 ξυμμετασχεῖν
1279 3864 1373 3946 Παρ-

222 3957 371 4045 μενίωνα
392 3958 442 4043 τῷ
463 3956 560 4024 παιδὶ
581 3957 642 4025 τοῦ
670 3949 964 4042 ἐπιβουλεύματος·
989 3955 1087 4043 τυχόν
1111 3959 1148 4027 δὲ
1171 3954 1238 4042 ὅτι,
1265 3959 1296 4026 εἰ
1319 3958 1374 4024 καὶ

221 4056 274 4153 μῆ
306 4059 521 4149 ξυμμετέσχε,
557 4054 726 4150 σφαλερός
758 4052 821 4151 ῆδη
853 4048 890 4149 ῆν
918 4057 1042 4152 περιών
1075 4063 1278 4152 Παρμενίων,
1311 4063 1374 4131 τοῦ

221 4155 353 4240 παιδός
378 4156 480 4232 αὐτοῦ
505 4155 714 4254 άνηρημένου,
741 4162 774 4230 ἐν
797 4156 940 4253 τοσαύτη
970 4158 1015 4232 ών
1049 4157 1183 4247 άξιώσει
1214 4155 1309 4255 παρά
1337 4187 1374 4232 τε

222 4260 323 4353 αὖτῷ
339 4258 550 4357 Ἀλεξάνδρῳ
566 4266 621 4333 καὶ
637 4266 671 4344 ἐς
688 4261 727 4335 τό
746 4259 825 4334 άλλο
844 4259 1044 4357 στράτευμα,
1065 4263 1110 4359 μῆ
1129 4262 1180 4336 ὅτι
1201 4262 1240 4337 τό
1259 4278 1373 4338 Μακε·

222 4364 366 4453 δονικὸν,
389 4362 471 4437 άλλά
491 4370 546 4439 καί
564 4371 628 4437 τών
650 4362 755 4437 άλλων
776 4370 882 4454 ξένων,
909 4362 954 4438 ών
974 4364 1131 4448 πολλάκις
1155 4371 1260 4439 καὶέν
1279 4370 1374 4463 μέρει

220 4472 286 4542 καὶ
306 4466 401 4564 παρά
420 4468 460 4541 τό
480 4471 580 4564 μέρος
600 4468 682 4542 κατά
698 4465 877 4564 πρόσταξιν
888 4468 945 4563 τῆν
962 4467 1173 4565 Ἀλεξάνδρου
1188 4469 1244 4557 ξίν
1257 4468 1371 4566 χάριν,

221 4577 385 4665 ἐξηγεῖτο.

1198 4684 1215 4733 3
