3300 5600
845 618 886 692 ³8

299 788 393 912 τερον
417 770 475 902 ξίν
499 814 541 903 τῇ
567 814 715 904 στρατιᾷ,
749 815 985 907 πεπραγμένων
1011 818 1161 938 σφίσιξξ
1158 807 1367 936 ομπάπων,
1367 809 1432 883 ὅσα

297 917 364 993 5555
385 947 446 990 505
431 909 667 1006 500555509’
649 909 806 986 555500550.
838 910 963 1009 Ταάτην
983 920 1042 1005 μὲν
1063 915 1103 1011 δη
1123 913 1179 1012 τὴν
1199 909 1341 1000 πόλιν,“
1329 913 1378 984 ο’τι
1396 915 1429 984 ἒν

297 1024 456 1114 ἐπικαίρῳ
487 1019 598 1112 χωρίῳ
629 1013 733 1089 ἐδόκει
765 1013 975 1145 ιρκίσθαι,
958 1023 1130 1108 εκτειχίσαι
1160 1045 1197 1088 τε
1228 1011 1425 1112 προστάσσει
1470 998 1474 1095 ί

297 1118 459 1217 Κρατέρῳ
486 1125 540 1193 καί
565 1122 786 1206 ξυνοικίσαι’
769 1146 802 1200 59
828 1117 927 1214 αάτήν
954 1117 1032 1202 τοάς
1060 1150 1096 1192 τε
1117 1116 1337 1217 προσχώρους
1358 1115 1424 1189 ὅσοι
1471 1130 1474 1177 ἑ

298 1228 481 1311 ἐθελονταὶ,
507 1228 561 1294 καί
587 1225 617 1294 εἰ
639 1218 678 1316 δὴ
699 1249 782 1302 τινες
803 1218 970 1311 άπόμαχοι
990 1229 1049 1318 τῆς
1077 1229 1245 1317 στρατιᾶς·
1274 1219 1372 1300 αιίτδς
1393 1221 1423 1289 55
1472 1272 1474 1277 -

299 1325 500 1424 προύχώρει,
522 1330 575 1398 ίνα
595 1321 857 1420 ξυμπεφευγέναι
885 1323 1083 1400 ἐπυνθάνετο
1105 1325 1184 1407 5059
1204 1325 1349 1406 πολλοὺς
1368 1331 1424 1395 τών

239 1525 242 1529 ⁴
298 1427 398 1524 ταάτη
420 1424 605 1524 βαρβάρων.
627 1425 746 1500 Ἐλθών
766 1430 803 1500 δὲ
817 1425 903 1523 πρός
918 1459 950 1501 τι
966 1426 1060 1525 ὅρος,
1076 1424 1425 1525 κατεστρατοπέδευσεν

297 1532 365 1609 5555
385 1535 658 1628 ταῖςιῦπωρείαις
678 1537 738 1602 τοῦ
759 1528 868 1625 ὅρους.

326 1642 437 1719 K55'
420 1670 452 1710 εν
465 1634 572 1726 τούτῳ
594 1631 883 1731 Πτολεμαῖος
864 1664 882 1707 0
903 1631 1055 1727 Λάγου,
1073 1637 1335 1759 ἐκπεμφθείς
1294 1663 1353 1725 μεν
1366 1631 1427 1704 555

296 1737 547 1867 Ἀλεξάνδρου’
529 1765 563 1818 ες
583 1766 700 1832 προνογ
687 1767 758 1831 μην,
779 1736 957 1859 προελθών
978 1741 1016 1809 δὲ
1036 1734 1238 1832 προσωτέρω
1257 1735 1427 1818 0555955
1377 1735 1427 1822 ξάι

297 1839 466 1966 ὀλίγοις
440 1870 486 1923 ως
507 1844 541 1921 ἐς
560 1837 826 1963 ηατασκοπην,ι
796 1836 990 1968 ἀπαγγέλλει
1011 1836 1210 1935 Ἀλεξάνδρῳ
1233 1837 1326 1934 πυρά
1346 1869 1428 1911 κατι

297 1952 365 2017 δεῖν
385 1951 447 2015 τῶν
467 1939 644 2038 βαρβάρων
664 1941 841 2014 πλείονα”
819 1975 842 2066 η
861 1947 892 2014 ἐν
909 1973 955 2033 τιγ
943 1941 1192 2038 ”’Λλεξάνδρου
1206 1937 1428 2037 στρατοπίδῳ.

296 2051 364 2120 Καὶ
390 2043 606 2170 Ἀλέξανδρρς
629 2051 679 2168 τρί
698 2048 757 2136 μὲν
777 2041 902 2140 πλήθει
922 2052 987 2116 5555
1007 2053 1122 2140 πορών
1142 2043 1330 2140 ἠπίστησεν,
1354 2040 1430 2116 εἶναι

298 2149 337 2222 δὲ
355 2181 387 2223 τι
407 2149 597 2272 ξονεστηκδς
617 2155 682 2219 τών
705 2146 806 2241 ταύτῃ
832 2143 1009 2242 βαρβάρων
1025 2145 1239 2238 αἰσθόμενος,
1254 2144 1359 2243 μέρος
1376 2149 1429 2235 μὲν

220 2322 222 2327 ,
296 2257 355 2346 τῆς
375 2259 550 2347 στρατιάς
551 2250 650 2374 αδτρο
636 2255 860 2324 καταλείπει
878 2249 964 2375 πρδς
983 2257 1032 2340 τῷ
1053 2248 1125 2344 ι’ίρει
1144 2251 1189 2332 559
1211 2248 1337 2379 είχον
1319 2277 1430 2345 εστρα·

297 2352 569 2446 τοπεδενμίνοος·
586 2351 685 2435 αίτός
700 2358 737 2426 δὲ
747 2351 942 2443 ἀναλαβών
924 2378 1042 2425 οσοι
985 2352 1221 2482 άπρχρώντες
1231 2354 1266 2434 ἐς
1277 2353 1360 2476 55
1329 2380 1430 2448 απηγ-

297 2453 434 2549 γελμίνα
455 2461 640 2553 ἐφαίνοντο,
664 2453 710 2539 059
729 2461 869 2552 πλησίον
889 2453 995 2552 νδη
973 2458 1134 2580 αφεώρων
1154 2454 1196 2527 τά
1215 2454 1322 2549 πυροί,
1339 2460 1431 2551 τριχῆ

298 2556 441 2649 διανέμει
461 2590 517 2655 την
527 2556 694 2656 στρατιάν.
716 2564 782 2633 Καί
803 2589 850 2649 τιρ
873 2563 932 2648 μὲν
953 2563 999 2632 555
1021 2555 1159 2644 ἐπέταξε
1178 2556 1362 2632 Λεοννάτον
1379 2557 1431 2632 τόν

299 2657 578 2756 σωματοφύλακα,
606 2661 761 2750 ξυντάξας
786 2660 878 2755 αὐτῷ
897 2663 954 2760 τήν
973 2691 1010 2735 τε
1031 2660 1192 2767 Λττρίλου
1214 2662 1346 2756 κοίτην
1365 2676 1431 2736 Βα-

297 2760 474 2891 λάκρορ’
436 2770 540 2851 ταξιν·
556 2796 612 2862 την
628 2764 782 2863 δευτέραν
796 2771 965 2862 δὲμοῖραν
978 2740 1213 2890 Πτολεμαίῳ
1229 2771 1281 2895 τρῖ
1295 2762 1430 2891 Λάγου

297 2864 384 2962 άγειν
404 2867 581 2956 ἔδωκε,
534 2899 597 2939 των
610 2899 647 2946 τε
661 2869 875 2943 ὑπασπιστῶν
884 2877 949 2942 τών
967 2867 1195 2959 βασιλικῶν
1156 2899 1194 2942 το
1205 2873 1316 2963 τρίτον
1330 2866 1432 2965 μέρος

296 2976 350 3046 καί
373 2969 430 3064 την
458 2976 627 3045 Φιλίππου
652 2978 707 3045 καὶ
736 2970 867 3046 Φιλώτα
897 2970 987 3059 τάξιν
1013 2977 1066 3044 καὶ
1087 2970 1146 3045 δάο
1167 2976 1352 3065 χιλιαρχίας
1369 2980 1431 3044 τών

295 3079 438 3158 τοξοτῶν
465 3078 520 3144 καὶ
548 3073 626 3155 5059
654 3073 829 3171 Ἀγριᾶνας
856 3080 911 3147 καί
938 3080 1002 3147 τών
1031 3075 1158 3148 ἱππίων
1176 3072 1254 3155 5059
1273 3072 1430 3168 ἡμίσεας·

295 3172 353 3270 τήν
372 3177 410 3246 δὲ
427 3179 538 3270 τρίτην
556 3188 674 3273 μοῖραν
698 3176 795 3260 αάτδς
820 3173 906 3302 ηἷγεν,
927 3182 980 3251 ἵνα
1000 3182 1202 3250 οἱπλεῖστοι
1219 3182 1284 3247 τών
1303 3175 1432 3273 βαρβά-

297 3305 363 3372 ρων
389 3280 568 3371 ἐφαίνοντο.
605 3284 646 3355 05
666 3285 718 3368 δὲ,
741 3281 786 3362 ώς
806 3278 949 3375 ησθονιο
975 3277 1200 3403 προσάγοντας
1219 3279 1297 3361 5059
1317 3294 1431 3356 Μακε-

296 3375 393 3468 δίνας
421 3386 580 3471 (κατεῖχον
608 3380 671 3507 γάρ
700 3387 806 3477 χωρία
833 3379 1022 3478 ὑπερδέξια)
1050 3390 1099 3473 τηῖ
1126 3412 1163 3455 τε
1190 3380 1315 3478 πληθει
1336 3391 1431 3481 σφῶν

294 3479 518 3608 δαρσησαντες
543 3490 598 3556 καί
621 3494 686 3557 τών
704 3482 952 3571 Μακεδόνων,”
933 3517 984 3560 οτι
1003 3484 1140 3576 ὀλίγοι’
1125 3491 1325 3618 εφαίνουτο,
1334 3519 1431 3561 κατα-

296 3584 530 3682 φρονήσαντες,
562 3591 596 3669 ἐς
623 3588 662 3662 55
692 3592 807 3661 πεδίον
832 3587 1090 3714 άπρκατὲβησαν
1112 3593 1166 3660 καὶ
1184 3585 1271 3712 μάχη
1291 3594 1432 3682 γίγνεται

295 3685 445 3785 καρτερά.
478 3688 582 3762 Ἀλλά
599 3688 736 3774 τοάτους
764 3696 822 3780 μὲν
850 3722 889 3765 ου
882 3691 965 3779 ’ξύν
984 3689 1075 3783 πόνῳ
1096 3697 1181 3765 ε’νίιια
1199 3688 1430 3816 Ἀλέξανδρος·

296 3797 328 3865 05
358 3796 395 3865 δὲ
425 3788 513 3888 σίμφί
541 3800 789 3917 Πτολεμαῖον
825 3792 882 3868 0555
911 3799 944 3867 ἐν
971 3802 1020 3885 τῷ
1048 3796 1162 3886 ὁμαλῷ
1186 3790 1432 3889 παρετάξαντο,

295 3892 376 3967 ἀλλά
404 3892 549 4018 γηλοφον
573 3896 633 3993 γάρ
654 3910 800 3988 κατεῖχον
822 3927 854 3972 05
844 3894 1055 4023 ιβάρβαροι,
1077 3897 1217 3994 ὀρθίους
1236 3894 1432 3994 ποιήσαντες

293 3997 372 4077 5059
391 3994 518 4127 λάχους
546 3999 674 4072 Πτολε
679 4011 796 4126 μαῖρς
815 4007 979 4096 προσῆγεν
998 3998 1083 4097 ᾗπερ
1106 3996 1350 4123 ἐπιμαχώτατον
1370 4008 1433 4075 τοῦ

294 4096 452 4224 λόφου
434 4104 603 4195 εφαίνετο,
640 4100 727 4175 05
717 4101 821 4198 πάντη
849 4102 906 4175 555
934 4099 1040 4227 λη’φον
1067 4100 1327 4194 κυκλωσάμενος,
1361 4102 1434 4176 άλλ

233 4210 236 4215 ’
295 4200 474 4332 άπολιπών,
505 4208 536 4276 εί
556 4201 688 4300 φεάγειν
685 4203 906 4279 εδὲλοιευ
874 4234 907 4278 οι
925 4202 1109 4302 βάρβαροι,
1130 4204 1239 4331 χώρριν
1262 4206 1377 4288 αι’τοῖς
1395 4214 1433 4289 ἐς

293 4336 349 4430 την
368 4306 482 4403 φογην.
503 4312 570 4381 Καὶ
588 4312 726 4440 γίγνεται
744 4314 800 4381 καί
818 4304 979 4400 τοάτοιςγ
965 4307 1052 4404 μάχη
1074 4310 1215 4437 καρτερά
1233 4314 1433 4405 τοῦχωρίου

294 4415 336 4503 τῇ
364 4406 562 4505 χαλεπότητι
588 4416 643 4483 καὶ
667 4410 718 4484 ὅτι
738 4442 777 4485 05
796 4413 879 4483 κατά
895 4415 972 4494 5059
992 4410 1110 4493 ἄλλους
1128 4416 1204 4504 τούς
1223 4409 1324 4506 ταάτη
1344 4421 1434 4508 βαρ-

293 4506 418 4607 βάρους
449 4518 482 4587 05
507 4510 613 4601 Ἰνδοὶ,
639 4511 722 4587 άλλα
741 4516 828 4589 πολι)
847 4513 887 4611 δὴ
906 4546 939 4587 τι
959 4512 1079 4640 ἄλογ’
1028 4544 1173 4605 μωτατοι
1191 4522 1255 4587 τών
1274 4512 1434 4609 προσχώ-

295 4644 366 4722 ρων
391 4618 479 4692 εἰσίν.
511 4612 715 4710 Ἐξώσθησαν
744 4622 783 4691 δὲ
811 4624 863 4690 καί
883 4614 974 4693 οὗτοι
994 4616 1061 4692 α’πό
1081 4624 1141 4693 505
1160 4614 1259 4713 ὅρους
1277 4616 1345 4691 5555
1365 4622 1434 4690 τοῖν
