3300 5600
838 574 881 636 98

295 745 461 815 Exciderat
493 744 603 811 eadam
638 746 753 831 copula
792 757 866 810 anto
901 740 982 812 κατό
1007 747 1072 813 τῶν
1097 736 1263 832 ὀμμάτων,
1297 769 1379 815 nunc
1437 779 1456 818 a

295 852 493 918 Taschuelrio
512 852 670 919 restituta.

803 1061 912 1129 XXXI.

337 1251 452 1316 Strabo
469 1250 525 1316 XV
543 1274 575 1337 p.
594 1254 678 1316 1041
701 1252 738 1318 Β.
760 1252 794 1319 C.
833 1249 906 1317 Τῶν
932 1249 965 1316 ἐν
994 1247 1145 1330 Ταξίλοις
1171 1251 1316 1335 νομίμων
1339 1247 1438 1318 καινοί

293 1352 347 1419 καί
368 1346 457 1472 αἠθη
478 1352 564 1441 λέγει
590 1345 928 1443 (Ἀριστόβουλος),
955 1343 993 1420 τό
1015 1375 1052 1418 τε
1072 1345 1218 1442 τοδςμη
1238 1351 1435 1439 δυναμένους

292 1447 450 1524 ἐκδιδόναι
469 1450 527 1533 τας
549 1448 711 1533 παῖδας(
692 1481 758 1524 υπο
750 1454 905 1538 πενίας,
923 1447 1079 1547 προάγειν
1094 1455 1142 1533 είς
1160 1451 1283 1577 α’γοραν
1295 1457 1327 1524 ἐν
1345 1449 1435 1545 ἀκμῇ

292 1559 350 1648 τῆς
376 1552 466 1648 ὥρας
491 1552 597 1678 κόχλῳ
623 1584 661 1626 τε
687 1560 743 1626 καί
763 1551 957 1646 τυμπάνοις,
980 1553 1098 1650 οἷσπερ
1121 1559 1176 1626 καλ
1195 1585 1234 1627 το
1226 1554 1434 1676 πολεμικόν

293 1661 510 1752 σημαίνουσιν,
542 1654 641 1747 όχλσυ
671 1661 955 1789 προσκληθένρος·
987 1688 1034 1782 up
1070 1661 1108 1729 δέ
1141 1660 1360 1752 προσέλθοιτι
1398 1654 1434 1728 τό

292 1760 436 1833 ὀπίσθια
455 1789 588 1884 πρωτον
609 1759 834 1856 ἆνασυρεσθαι
857 1766 956 1856 μέχρι
979 1765 1044 1833 ταῖν
1066 1757 1210 1890 pippinus
1194 1757 1327 1832 εἶτα
1286 1791 1328 1832 τα
1345 1755 1434 1854 πρό-

292 1874 390 1934 σθεν·
413 1864 577 1958 σίρὲσασαν
598 1867 710 1935 δὲκαὶ
731 1865 1042 1953 συμπεισθεῖσαν,
1025 1865 1079 1958 αρ’
1100 1859 1149 1943 οἷς
1171 1861 1210 1934 ίίν
1232 1871 1333 1950 δοκεῖ,
1355 1889 1435 1935 συν·

293 1975 398 2039 οικεῖν.
432 1970 499 2041 Καὶ
528 1965 567 2038 τό
601 1971 685 2062 γυψὶ
718 1972 900 2063 ῥίπτεσθαι
932 1966 988 2040 τόν
1020 1962 1278 2060 τετελευτηκότα.
1317 1969 1360 2039 Τό
1409 1966 1436 2035 δὲ

292 2073 428 2149 πλείους
450 2067 533 2159 ἔχειν
553 2079 715 2160 γυναῖκας,
738 2069 843 2143 κοινόν
863 2075 917 2141 καί
934 2067 1048 2141 όίλλων.
1065 2065 1166 2162 Παρό
1181 2095 1249 2141 τισι
1261 2068 1292 2142 δ’
1306 2064 1437 2142 ἀκούειν

293 2176 390 2267 φησί,
403 2176 458 2243 καί
472 2177 784 2263 συμκατακαιομένας
798 2171 858 2254 ταὶς
870 2183 1019 2265 γυναῖκας
1032 2183 1102 2252 τοῖς
1114 2167 1269 2265 δνδροίοιν
1278 2171 1437 2262 ἀσμένας·

292 2273 351 2355 τίς
372 2278 410 2346 δὲ
429 2275 475 2368 μή
496 2272 721 2362 όπομενοίσας
743 2274 880 2361 ἀδοξεῖν.

310 2409 313 2417 ·
338 2386 401 2468 Qui
431 2385 554 2450 dehoc
584 2387 775 2451 feminarum
803 2387 888 2472 apud
917 2385 1012 2451 ludos
1040 2409 1147 2465 more,
1169 2386 1311 2451 Thressis
1332 2383 1436 2450 etiam

293 2503 445 2576 recepto,
471 2492 642 2556 memoriae
660 2492 888 2578 prodiderunt,
907 2514 1014 2558 omnes
1032 2514 1198 2557 recensere
1223 2493 1305 2557 nihil
1328 2494 1436 2555 inter·

295 2608 352 2663 est.
396 2596 608 2662 Gathaeorum
639 2594 726 2683 genti
760 2598 843 2663 iilud
872 2593 1144 2680 v6prpov'fuisse,
1174 2599 1305 2665 tradunt
1332 2587 1434 2683 Diod·

293 2703 358 2770 Sic.
378 2701 482 2771 lel.
502 2703 544 2767 92
565 2714 597 2767 et
617 2703 731 2768 Strabo
750 2705 773 2771 l.
794 2706 816 2771 l.
840 2728 871 2790 p.
893 2707 979 2769 1024
998 2705 1035 2770 Β.

791 2933 924 2998 XXXII.

333 3121 459 3188 Arrian.
480 3123 520 3191 V.
541 3125 594 3190 tt.
612 3127 644 3192 3.
668 3113 978 3210 Ἀριστόβουλος
998 3113 1054 3187 τόν
1074 3112 1199 3208 Πώρου
1221 3122 1324 3188 παῖδα
1339 3113 1430 3200 λέγει

291 3214 468 3345 ρνθιίσαι’
446 3216 642 3313 αφικόμενσν
660 3217 758 3305 56v'
735 3248 874 3313 αρμασιν
892 3218 938 3299 ὠς
955 3222 1010 3313 έξη
990 3214 1105 3289 ’κοντα
1110 3221 1217 3311 ,πρὶν
1234 3216 1273 3290 τό
1294 3218 1429 3305 υοτερθλ
1450 3283 1455 3298 ,

290 3324 324 3391 ἐκ
349 3328 408 3416 τῆς
434 3318 530 3447 νησρυ
562 3328 621 3415 τῆς
650 3328 767 3416 μικρᾶς
795 3328 939 3415 περᾶσαι
968 3318 1192 3415 Ἀλέξανδρον
1218 3325 1287 3394 Καὶ
1310 3324 1428 3394 τοῦτῡν

289 3422 515 3519 δυνηθῆναι
492 3454 531 3495 αν
547 3422 617 3520 είρξ
618 3455 652 3497 αι
598 3423 768 3511 ξ’Λλέ
755 3431 888 3519 ανδρον
906 3451 963 3518 της
984 3420 1176 3512 διαβάσεως,
1199 3429 1351 3514 χαλεπως
1371 3411 1428 3490 καὶ

287 3526 425 3622 μηδενός
454 3533 652 3653 είρμοντος
643 3531 890 3622 περαιωθέντα,
914 3531 1067 3655 εἰπεροῦν
1087 3524 1370 3623 καταπηδησαντες
1398 3511 1428 3585 δῖ

287 3626 413 3701 Ἰνδοί’
395 3659 429 3701 εκ
449 3636 513 3700 τῶν
534 3628 688 3723 ἁρμάτων
714 3634 924 3724 προσέκειντο
945 3639 1015 3710 τοῖς
1036 3625 1182 3759 πρώτοις
1202 3626 1426 3718 ε’κβαινόνιων
1448 3631 1452 3641 ’

287 3729 369 3802 ἄλλα
393 3729 662 3828 παραλλάξαι
621 3764 682 3827 γαρ
704 3732 771 3818 ξδν
780 3743 850 3814 τοῖς
871 3731 1006 3827 ἅρμασι,
1029 3738 1083 3803 καί
1105 3730 1268 3804 οίκίνδυνον
1283 3738 1429 3828 ποιηοθῑι

286 3833 485 3930 Ἀλεξάνδρῳ
506 3865 563 3961 την
584 3832 747 3925 διάβασιν
769 3840 823 3906 καί
841 3838 897 3906 ἐπὶ
912 3832 1048 3958 τρότρυς
1067 3832 1199 3929 σίφεῖναι
1216 3781 1432 3958 ᾈλέξανόρθλ

287 3936 364 4019 τούς
385 3936 620 4024 ἱπποτοξότας,
648 3942 703 4010 καί
723 3968 885 4032 τραπηναι
906 3936 1025 4018 αὖτοδς
1047 3967 1085 4008 ου
1077 3936 1274 4028 1εχαλπυίς,
1297 3925 1434 4034 πληγαῖς

287 4038 514 4132 λαμβάνοντας.

331 4154 376 4216 De
405 4154 467 4220 hoc
489 4155 614 4241 proelio
635 4178 686 4219 me
704 4156 811 4220 dicere
828 4155 958 4218 memini
979 4153 1019 4218 ad
1036 4155 1170 4221 Ptolem.
1193 4155 1320 4242 Fragm.
1338 4130 1440 4221 XVII

286 4281 318 4345 p.
344 4263 386 4325 40
410 4283 572 4349 sqq.j‚
521 4261 572 4345 cuj
576 4284 612 4325 us
638 4262 855 4326 testimonium
879 4260 1057 4326 Aristobuli
1086 4262 1258 4325 narrationi
1286 4272 1444 4349 opponl

286 4378 349 4432 tur.
373 4368 476 4452 Hujus
496 4390 570 4432 vero
588 4369 651 4433 loci
672 4380 738 4449 est,
761 4378 798 4432 nt
807 4368 919 4453 paucis
929 4367 1034 4432 dicam
1044 4366 1083 4432 δυ
1096 4369 1234 4433 lectione
1248 4366 1306 4455 τῆς
1320 4356 1444 4455 νησοῑ)

284 4470 343 4557 τῆς
363 4474 518 4560 μικρᾶς,
543 4475 576 4539 in
594 4496 658 4561 qua
683 4487 856 4562 postremas
876 4473 954 4539 duas
977 4496 1087 4554 voces,
1110 4474 1258 4561 exemplo
1274 4472 1443 4539 Schmin*

285 4575 372 4658 deri,
400 4578 579 4645 Ellendtius
608 4583 699 4647 uncis
728 4581 877 4661 inclusit,
908 4582 1094 4668 Kruegarus
1125 4602 1219 4662 vero,
1244 4582 1438 4667 praeeunte
