<?xml version="1.0" encoding="UTF-8"?>
<!DOCTYPE html PUBLIC "-//W3C//DTD XHTML 1.0 Transitional//EN"
    "http://www.w3.org/TR/xhtml1/DTD/xhtml1-transitional.dtd">
<html xmlns="http://www.w3.org/1999/xhtml" xml:lang="en" lang="en">
 <head>
  <title>
</title>
<meta http-equiv="Content-Type" content="text/html;charset=utf-8" />
  <meta name='ocr-system' content='tesseract 3.04.00' />
  <meta name='ocr-capabilities' content='ocr_page ocr_carea ocr_par ocr_line ocrx_word'/>
</head>
<body>
  <div class='ocr_page' id='page_1' title='image "./ptolemaeieordae00ptolgoog/ptolemaeieordae00ptolgoog_0030.png"; bbox 0 0 3300 5600; ppageno 0'>
   <div class='ocr_carea' id='block_1_1' title="bbox 856 591 876 652">
    <p class='ocr_par' dir='ltr' id='par_1_1' title="bbox 856 591 876 652">
     <span class='ocr_line' id='line_1_1' title="bbox 856 591 876 652; baseline 0 0"><span class='ocrx_word' id='word_1_1' title='bbox 856 591 876 652; x_wconf 88' lang='grc'><strong>6</strong></span> 
     </span>
    </p>
   </div>
   <div class='ocr_carea' id='block_1_2' title="bbox 301 759 1435 957">
    <p class='ocr_par' dir='ltr' id='par_1_2' title="bbox 301 759 1435 957">
     <span class='ocr_line' id='line_1_2' title="bbox 301 759 1435 851; baseline 0.001 -23"><span class='ocrx_word' id='word_1_2' title='bbox 301 759 799 846; x_wconf 77' lang='lat' dir='ltr'><strong>amicitiamaccesseritPhilippi</strong></span> <span class='ocrx_word' id='word_1_3' title='bbox 811 762 924 847; x_wconf 82' lang='lat' dir='ltr'><strong>Regis,</strong></span> <span class='ocrx_word' id='word_1_4' title='bbox 942 760 1050 826; x_wconf 87' lang='lat' dir='ltr'><strong>adulta</strong></span> <span class='ocrx_word' id='word_1_5' title='bbox 1062 773 1166 826; x_wconf 87' lang='lat' dir='ltr'><strong>aetate</strong></span> <span class='ocrx_word' id='word_1_6' title='bbox 1178 762 1247 846; x_wconf 87' lang='lat' dir='ltr'><strong>ejue</strong></span> <span class='ocrx_word' id='word_1_7' title='bbox 1259 763 1364 851; x_wconf 82' lang='lat' dir='ltr'><strong>gratia</strong></span> <span class='ocrx_word' id='word_1_8' title='bbox 1377 763 1435 829; x_wconf 91' lang='lat' dir='ltr'><strong>llo-</strong></span> 
     </span>
     <span class='ocr_line' id='line_1_3' title="bbox 301 858 1435 957; baseline -0.001 -24"><span class='ocrx_word' id='word_1_9' title='bbox 301 858 449 954; x_wconf 82' lang='lat' dir='ltr'><strong>ruerit1).</strong></span> <span class='ocrx_word' id='word_1_10' title='bbox 465 868 530 950; x_wconf 86' lang='lat' dir='ltr'><strong>Qui</strong></span> <span class='ocrx_word' id='word_1_11' title='bbox 542 888 643 954; x_wconf 91' lang='lat' dir='ltr'><strong>quum</strong></span> <span class='ocrx_word' id='word_1_12' title='bbox 655 868 798 953; x_wconf 83' lang='lat' dir='ltr'><strong>proximo</strong></span> <span class='ocrx_word' id='word_1_13' title='bbox 810 878 1005 932; x_wconf 86' lang='lat' dir='ltr'><strong>antenecem</strong></span> <span class='ocrx_word' id='word_1_14' title='bbox 1015 888 1143 932; x_wconf 80' lang='lat' dir='ltr'><strong>ennoea</strong></span> <span class='ocrx_word' id='word_1_15' title='bbox 1156 880 1304 950; x_wconf 82' lang='lat' dir='ltr'><strong>strueret,</strong></span> <span class='ocrx_word' id='word_1_16' title='bbox 1314 869 1435 957; x_wconf 84' lang='lat' dir='ltr'><strong>quibua</strong></span> 
     </span>
    </p>
   </div>
   <div class='ocr_carea' id='block_1_3' title="bbox 292 1083 1435 1840">
    <p class='ocr_par' dir='ltr' id='par_1_3' title="bbox 292 1083 1435 1840">
     <span class='ocr_line' id='line_1_4' title="bbox 299 1083 1435 1152; baseline 0 -16"><span class='ocrx_word' id='word_1_17' title='bbox 299 1084 433 1150; x_wconf 80' lang='lat' dir='ltr'><strong>Equibua</strong></span> <span class='ocrx_word' id='word_1_18' title='bbox 452 1083 579 1134; x_wconf 78' lang='lat' dir='ltr'>Theocriti</span> <span class='ocrx_word' id='word_1_19' title='bbox 594 1086 709 1135; x_wconf 83' lang='lat' dir='ltr'><strong>rereihua</strong></span> <span class='ocrx_word' id='word_1_20' title='bbox 737 1100 811 1135; x_wconf 93' lang='lat' dir='ltr'><strong>nemo</strong></span> <span class='ocrx_word' id='word_1_21' title='bbox 845 1086 992 1150; x_wconf 83' lang='lat' dir='ltr'><strong>quiequam,</strong></span> <span class='ocrx_word' id='word_1_22' title='bbox 1021 1087 1126 1152; x_wconf 83' lang='lat' dir='ltr'>opinor,</span> <span class='ocrx_word' id='word_1_23' title='bbox 1153 1087 1247 1136; x_wconf 85' lang='lat' dir='ltr'><strong>efficiet</strong></span> <span class='ocrx_word' id='word_1_24' title='bbox 1269 1087 1340 1152; x_wconf 93' lang='lat' dir='ltr'><strong>quod</strong></span> <span class='ocrx_word' id='word_1_25' title='bbox 1359 1085 1435 1136; x_wconf 78' lang='lat' dir='ltr'><strong>(leie-</strong></span> 
     </span>
     <span class='ocr_line' id='line_1_5' title="bbox 299 1170 1435 1239; baseline 0.001 -19"><span class='ocrx_word' id='word_1_26' title='bbox 299 1187 343 1220; x_wconf 80' lang='lat' dir='ltr'><strong>rue</strong></span> <span class='ocrx_word' id='word_1_27' title='bbox 366 1170 467 1234; x_wconf 78' lang='lat' dir='ltr'><strong>effecit,</strong></span> <span class='ocrx_word' id='word_1_28' title='bbox 486 1170 528 1219; x_wconf 90' lang='lat' dir='ltr'><strong>cui</strong></span> <span class='ocrx_word' id='word_1_29' title='bbox 548 1187 606 1220; x_wconf 85' lang='lat' dir='ltr'><strong>eane</strong></span> <span class='ocrx_word' id='word_1_30' title='bbox 629 1170 784 1237; x_wconf 75' lang='lat' dir='ltr'><strong>imprudenti</strong></span> <span class='ocrx_word' id='word_1_31' title='bbox 802 1173 866 1221; x_wconf 88' lang='lat' dir='ltr'><strong>haec</strong></span> <span class='ocrx_word' id='word_1_32' title='bbox 884 1170 1033 1221; x_wconf 84' lang='lat' dir='ltr'><strong>exciderunt</strong></span> <span class='ocrx_word' id='word_1_33' title='bbox 1049 1172 1128 1222; x_wconf 83' lang='lat' dir='ltr'><strong>rerba</strong></span> <span class='ocrx_word' id='word_1_34' title='bbox 1147 1189 1172 1239; x_wconf 97' lang='lat' dir='ltr'><strong>p.</strong></span> <span class='ocrx_word' id='word_1_35' title='bbox 1193 1170 1236 1221; x_wconf 80' lang='lat'><strong>⁷:</strong></span> <span class='ocrx_word' id='word_1_36' title='bbox 1261 1173 1435 1223; x_wconf 75' lang='lat' dir='ltr'><strong>«Theocritur</strong></span> 
     </span>
     <span class='ocr_line' id='line_1_6' title="bbox 298 1256 1435 1326; baseline 0.002 -20"><span class='ocrx_word' id='word_1_37' title='bbox 298 1257 385 1319; x_wconf 76' lang='lat' dir='ltr'><strong>attigit</strong></span> <span class='ocrx_word' id='word_1_38' title='bbox 399 1257 490 1304; x_wconf 85' lang='lat' dir='ltr'><strong>lamam</strong></span> <span class='ocrx_word' id='word_1_39' title='bbox 504 1256 536 1306; x_wconf 92' lang='lat' dir='ltr'><strong>de</strong></span> <span class='ocrx_word' id='word_1_40' title='bbox 550 1257 667 1325; x_wconf 92' lang='lat' dir='ltr'><strong>Philippo</strong></span> <span class='ocrx_word' id='word_1_41' title='bbox 686 1258 824 1307; x_wconf 76' lang='lat' dir='ltr'><strong>Ptolemaei</strong></span> <span class='ocrx_word' id='word_1_42' title='bbox 841 1263 941 1324; x_wconf 80' lang='lat' dir='ltr'><strong>patre.»</strong></span> <span class='ocrx_word' id='word_1_43' title='bbox 972 1259 1026 1322; x_wconf 82' lang='lat' dir='ltr'><strong>Quo</strong></span> <span class='ocrx_word' id='word_1_44' title='bbox 1038 1258 1107 1307; x_wconf 88' lang='lat' dir='ltr'><strong>enim</strong></span> <span class='ocrx_word' id='word_1_45' title='bbox 1123 1259 1266 1308; x_wconf 91' lang='lat' dir='ltr'><strong>dementiae</strong></span> <span class='ocrx_word' id='word_1_46' title='bbox 1280 1257 1435 1326; x_wconf 76' lang='lat' dir='ltr'><strong>prooemiare</strong></span> 
     </span>
     <span class='ocr_line' id='line_1_7' title="bbox 298 1342 1434 1411; baseline 0.002 -19"><span class='ocrx_word' id='word_1_47' title='bbox 298 1345 399 1409; x_wconf 73' lang='lat' dir='ltr'><strong>potitum</strong></span> <span class='ocrx_word' id='word_1_48' title='bbox 409 1346 539 1407; x_wconf 78' lang='lat' dir='ltr'><strong>putemur,</strong></span> <span class='ocrx_word' id='word_1_49' title='bbox 555 1344 600 1406; x_wconf 90' lang='lat' dir='ltr'><strong>qui</strong></span> <span class='ocrx_word' id='word_1_50' title='bbox 616 1344 643 1393; x_wconf 92' lang='lat' dir='ltr'><strong>in</strong></span> <span class='ocrx_word' id='word_1_51' title='bbox 658 1344 787 1407; x_wconf 76' lang='lat' dir='ltr'><strong>carmine,</strong></span> <span class='ocrx_word' id='word_1_52' title='bbox 805 1344 837 1393; x_wconf 93' lang='lat' dir='ltr'><strong>ad</strong></span> <span class='ocrx_word' id='word_1_53' title='bbox 852 1342 1046 1409; x_wconf 73' lang='lat' dir='ltr'><strong>Philadelphum</strong></span> <span class='ocrx_word' id='word_1_54' title='bbox 1062 1343 1234 1394; x_wconf 76' lang='lat' dir='ltr'><strong>Ptolemaeum</strong></span> <span class='ocrx_word' id='word_1_55' title='bbox 1253 1345 1366 1411; x_wconf 84' lang='lat' dir='ltr'><strong>acripto,</strong></span> <span class='ocrx_word' id='word_1_56' title='bbox 1382 1350 1434 1394; x_wconf 87' lang='lat' dir='ltr'><strong>tam</strong></span> 
     </span>
     <span class='ocr_line' id='line_1_8' title="bbox 292 1423 1434 1494; baseline 0.001 -16"><span class='ocrx_word' id='word_1_57' title='bbox 292 1423 376 1493; x_wconf 70' lang='lat' dir='ltr'><strong>&#39;grave</strong></span> <span class='ocrx_word' id='word_1_58' title='bbox 392 1427 515 1477; x_wconf 89' lang='lat' dir='ltr'><strong>natalium</strong></span> <span class='ocrx_word' id='word_1_59' title='bbox 531 1428 679 1491; x_wconf 78' lang='lat' dir='ltr'><strong>lagidarum</strong></span> <span class='ocrx_word' id='word_1_60' title='bbox 700 1429 827 1494; x_wconf 71' lang='lat' dir='ltr'><strong>dedecus,</strong></span> <span class='ocrx_word' id='word_1_61' title='bbox 847 1429 1010 1493; x_wconf 73' lang='lat' dir='ltr'><strong>quantumvis</strong></span> <span class='ocrx_word' id='word_1_62' title='bbox 1025 1434 1108 1494; x_wconf 88' lang='lat' dir='ltr'><strong>tecte,</strong></span> <span class='ocrx_word' id='word_1_63' title='bbox 1125 1428 1287 1493; x_wconf 69' lang='lat' dir='ltr'><strong>designaret?</strong></span> <span class='ocrx_word' id='word_1_64' title='bbox 1304 1430 1354 1480; x_wconf 87' lang='lat' dir='ltr'><strong>Sed</strong></span> <span class='ocrx_word' id='word_1_65' title='bbox 1369 1430 1434 1479; x_wconf 94' lang='lat' dir='ltr'><strong>illuc</strong></span> 
     </span>
     <span class='ocr_line' id='line_1_9' title="bbox 298 1514 1435 1580; baseline 0.002 -17"><span class='ocrx_word' id='word_1_66' title='bbox 298 1515 384 1565; x_wconf 89' lang='lat' dir='ltr'><strong>redeo.</strong></span> <span class='ocrx_word' id='word_1_67' title='bbox 402 1514 505 1563; x_wconf 82' lang='lat' dir='ltr'><strong>Dictum</strong></span> <span class='ocrx_word' id='word_1_68' title='bbox 519 1514 647 1563; x_wconf 82' lang='lat' dir='ltr'><strong>Theocriti</strong></span> <span class='ocrx_word' id='word_1_69' title='bbox 662 1514 786 1564; x_wconf 90' lang='lat' dir='ltr'><strong>indicium</strong></span> <span class='ocrx_word' id='word_1_70' title='bbox 801 1515 945 1578; x_wconf 73' lang='lat' dir='ltr'><strong>degeneri·</strong></span> <span class='ocrx_word' id='word_1_71' title='bbox 964 1515 1169 1580; x_wconf 82' lang='lat' dir='ltr'><strong>propinquitate,</strong></span> <span class='ocrx_word' id='word_1_72' title='bbox 1188 1531 1253 1580; x_wconf 89' lang='lat' dir='ltr'><strong>quac</strong></span> <span class='ocrx_word' id='word_1_73' title='bbox 1271 1516 1342 1565; x_wconf 89' lang='lat' dir='ltr'><strong>inter</strong></span> <span class='ocrx_word' id='word_1_74' title='bbox 1358 1515 1435 1566; x_wconf 85' lang='lat' dir='ltr'><strong>Aler-</strong></span> 
     </span>
     <span class='ocr_line' id='line_1_10' title="bbox 297 1601 1434 1668; baseline -0.001 -16"><span class='ocrx_word' id='word_1_75' title='bbox 297 1601 405 1652; x_wconf 88' lang='lat' dir='ltr'><strong>andrum</strong></span> <span class='ocrx_word' id='word_1_76' title='bbox 427 1605 454 1651; x_wconf 89' lang='lat' dir='ltr'><strong>et</strong></span> <span class='ocrx_word' id='word_1_77' title='bbox 475 1601 649 1651; x_wconf 89' lang='lat' dir='ltr'><strong>Ptolemaeum</strong></span> <span class='ocrx_word' id='word_1_78' title='bbox 678 1601 837 1668; x_wconf 66' lang='lat' dir='ltr'><strong>intercessit,</strong></span> <span class='ocrx_word' id='word_1_79' title='bbox 869 1601 970 1664; x_wconf 74' lang='lat' dir='ltr'><strong>egregie</strong></span> <span class='ocrx_word' id='word_1_80' title='bbox 996 1607 1024 1650; x_wconf 89' lang='lat' dir='ltr'><strong>et</strong></span> <span class='ocrx_word' id='word_1_81' title='bbox 1046 1602 1211 1652; x_wconf 84' lang='lat' dir='ltr'><strong>confirmatur</strong></span> <span class='ocrx_word' id='word_1_82' title='bbox 1236 1607 1264 1652; x_wconf 86' lang='lat' dir='ltr'><strong>et</strong></span> <span class='ocrx_word' id='word_1_83' title='bbox 1287 1602 1434 1652; x_wconf 73' lang='lat' dir='ltr'><strong>illustratur</strong></span> 
     </span>
     <span class='ocr_line' id='line_1_11' title="bbox 297 1686 1434 1755; baseline 0 -17"><span class='ocrx_word' id='word_1_84' title='bbox 297 1689 439 1751; x_wconf 78' lang='lat' dir='ltr'><strong>fragmento</strong></span> <span class='ocrx_word' id='word_1_85' title='bbox 456 1686 565 1751; x_wconf 92' lang='lat' dir='ltr'><strong>quodam</strong></span> <span class='ocrx_word' id='word_1_86' title='bbox 586 1686 667 1752; x_wconf 80' lang='lat' dir='ltr'><strong>Satyri</strong></span> <span class='ocrx_word' id='word_1_87' title='bbox 685 1688 827 1755; x_wconf 66' lang='lat' dir='ltr'><strong>temptoria,</strong></span> <span class='ocrx_word' id='word_1_88' title='bbox 846 1688 878 1737; x_wconf 88' lang='lat' dir='ltr'><strong>ab</strong></span> <span class='ocrx_word' id='word_1_89' title='bbox 898 1687 1009 1737; x_wconf 85' lang='lat' dir='ltr'><strong>Eudocia</strong></span> <span class='ocrx_word' id='word_1_90' title='bbox 1030 1693 1129 1737; x_wconf 86' lang='lat' dir='ltr'><strong>eerrato</strong></span> <span class='ocrx_word' id='word_1_91' title='bbox 1147 1706 1172 1754; x_wconf 91' lang='lat' dir='ltr'><strong>p.</strong></span> <span class='ocrx_word' id='word_1_92' title='bbox 1192 1686 1256 1748; x_wconf 77' lang='lat'><strong>3663</strong></span> <span class='ocrx_word' id='word_1_93' title='bbox 1275 1688 1346 1754; x_wconf 92' lang='lat' dir='ltr'><strong>quod</strong></span> <span class='ocrx_word' id='word_1_94' title='bbox 1365 1688 1434 1738; x_wconf 84' lang='lat' dir='ltr'><strong>unde</strong></span> 
     </span>
     <span class='ocr_line' id='line_1_12' title="bbox 297 1772 1433 1840; baseline 0 -16"><span class='ocrx_word' id='word_1_95' title='bbox 297 1775 406 1840; x_wconf 89' lang='lat' dir='ltr'><strong>petitum</strong></span> <span class='ocrx_word' id='word_1_96' title='bbox 431 1772 522 1836; x_wconf 91' lang='lat' dir='ltr'><strong>irerit,</strong></span> <span class='ocrx_word' id='word_1_97' title='bbox 540 1774 632 1822; x_wconf 83' lang='lat' dir='ltr'><strong>truetra</strong></span> <span class='ocrx_word' id='word_1_98' title='bbox 650 1772 734 1823; x_wconf 90' lang='lat' dir='ltr'><strong>adhuc</strong></span> <span class='ocrx_word' id='word_1_99' title='bbox 757 1775 869 1840; x_wconf 84' lang='lat' dir='ltr'><strong>exquiro.</strong></span> <span class='ocrx_word' id='word_1_100' title='bbox 903 1773 941 1822; x_wconf 91' lang='lat' dir='ltr'><strong>lbi</strong></span> <span class='ocrx_word' id='word_1_101' title='bbox 964 1773 1043 1836; x_wconf 78' lang='lat' dir='ltr'><strong>igitur</strong></span> <span class='ocrx_word' id='word_1_102' title='bbox 1061 1774 1154 1824; x_wconf 88' lang='lat' dir='ltr'><strong>Bacchi</strong></span> <span class='ocrx_word' id='word_1_103' title='bbox 1176 1778 1202 1824; x_wconf 89' lang='lat' dir='ltr'><strong>et</strong></span> <span class='ocrx_word' id='word_1_104' title='bbox 1220 1774 1344 1825; x_wconf 79' lang='lat' dir='ltr'><strong>Althaeae</strong></span> <span class='ocrx_word' id='word_1_105' title='bbox 1364 1774 1433 1840; x_wconf 85' lang='lat' dir='ltr'><strong>fllia,</strong></span> 
     </span>
    </p>
   </div>
   <div class='ocr_carea' id='block_1_4' title="bbox 295 1849 1435 2652">
    <p class='ocr_par' dir='ltr' id='par_1_4' title="bbox 295 1849 1435 2652">
     <span class='ocr_line' id='line_1_13' title="bbox 297 1849 1435 1937; baseline -0.001 -18"><span class='ocrx_word' id='word_1_106' title='bbox 297 1868 429 1931; x_wconf 82' lang='lat' dir='ltr'><strong>Deianira,</strong></span> <span class='ocrx_word' id='word_1_107' title='bbox 446 1882 477 1915; x_wconf 79' lang='lat' dir='ltr'><strong>ex</strong></span> <span class='ocrx_word' id='word_1_108' title='bbox 492 1866 602 1915; x_wconf 82' lang='lat' dir='ltr'><strong>Hercule</strong></span> <span class='ocrx_word' id='word_1_109' title='bbox 618 1868 765 1933; x_wconf 83' lang='lat' dir='ltr'><strong>concepieee</strong></span> <span class='ocrx_word' id='word_1_110' title='bbox 779 1869 874 1918; x_wconf 88' lang='lat' dir='ltr'><strong>dicitur</strong></span> <span class='ocrx_word' id='word_1_111' title='bbox 886 1849 994 1920; x_wconf 77' lang='grc' dir='ltr'><strong><em>Ὓαλον</em></strong></span> <span class='ocrx_word' id='word_1_112' title='bbox 1011 1871 1039 1937; x_wconf 87' lang='lat' dir='ltr'><strong>(l.</strong></span> <span class='ocrx_word' id='word_1_113' title='bbox 1051 1852 1181 1936; x_wconf 78' lang='grc' dir='ltr'><strong>Ὕλλον),</strong></span> <span class='ocrx_word' id='word_1_114' title='bbox 1199 1885 1215 1918; x_wconf 89' lang='lat' dir='ltr'><strong>a</strong></span> <span class='ocrx_word' id='word_1_115' title='bbox 1229 1884 1281 1933; x_wconf 89' lang='lat' dir='ltr'><strong>quo</strong></span> <span class='ocrx_word' id='word_1_116' title='bbox 1297 1884 1435 1919; x_wconf 85' lang='lat' dir='ltr'><strong>numeran-</strong></span> 
     </span>
     <span class='ocr_line' id='line_1_14' title="bbox 297 1949 1434 2037; baseline 0 -18"><span class='ocrx_word' id='word_1_117' title='bbox 297 1975 341 2019; x_wconf 88' lang='lat' dir='ltr'><strong>tur</strong></span> <span class='ocrx_word' id='word_1_118' title='bbox 358 1968 482 2033; x_wconf 76' lang='lat' dir='ltr'><strong>deincep·</strong></span> <span class='ocrx_word' id='word_1_119' title='bbox 503 1949 707 2037; x_wconf 69' lang='lat' dir='ltr'><strong>Kdeddottpeog,</strong></span> <span class='ocrx_word' id='word_1_120' title='bbox 725 1969 755 2036; x_wconf 88' lang='grc' dir='ltr'><strong>(Ι.</strong></span> <span class='ocrx_word' id='word_1_121' title='bbox 773 1953 953 2037; x_wconf 69' lang='grc' dir='ltr'><strong><em>Κλεόδαιος,</em></strong></span> <span class='ocrx_word' id='word_1_122' title='bbox 977 1977 1007 2022; x_wconf 90' lang='lat' dir='ltr'><strong>ut</strong></span> <span class='ocrx_word' id='word_1_123' title='bbox 1024 1972 1051 2020; x_wconf 91' lang='lat' dir='ltr'><strong>in</strong></span> <span class='ocrx_word' id='word_1_124' title='bbox 1076 1971 1178 2021; x_wconf 85' lang='lat' dir='ltr'><strong>Diodori</strong></span> <span class='ocrx_word' id='word_1_125' title='bbox 1196 1970 1286 2032; x_wconf 70' lang='lat' dir='ltr'><strong>fragm.</strong></span> <span class='ocrx_word' id='word_1_126' title='bbox 1310 1984 1353 2035; x_wconf 91' lang='lat' dir='ltr'><strong>ap.</strong></span> <span class='ocrx_word' id='word_1_127' title='bbox 1370 1971 1434 2034; x_wconf 77' lang='lat' dir='ltr'><strong>Syn-</strong></span> 
     </span>
     <span class='ocr_line' id='line_1_15' title="bbox 298 2057 1433 2136; baseline 0.002 -20"><span class='ocrx_word' id='word_1_128' title='bbox 298 2067 373 2131; x_wconf 85' lang='lat' dir='ltr'><strong>cell.‚</strong></span> <span class='ocrx_word' id='word_1_129' title='bbox 396 2084 443 2132; x_wconf 91' lang='lat' dir='ltr'><strong>pro</strong></span> <span class='ocrx_word' id='word_1_130' title='bbox 468 2083 520 2132; x_wconf 92' lang='lat' dir='ltr'><strong>quo</strong></span> <span class='ocrx_word' id='word_1_131' title='bbox 545 2067 659 2120; x_wconf 84' lang='lat' dir='ltr'><strong>llindorl&#39;.</strong></span> <span class='ocrx_word' id='word_1_132' title='bbox 682 2086 707 2136; x_wconf 82' lang='lat' dir='ltr'><strong>p.</strong></span> <span class='ocrx_word' id='word_1_133' title='bbox 729 2068 781 2121; x_wconf 81' lang='grc'><strong>499</strong></span> <span class='ocrx_word' id='word_1_134' title='bbox 804 2074 870 2123; x_wconf 92' lang='lat' dir='ltr'><strong>male</strong></span> <span class='ocrx_word' id='word_1_135' title='bbox 893 2057 1088 2136; x_wconf 67' lang='grc' dir='ltr'><strong><em>Κλεαδιῖτους</em></strong></span> <span class='ocrx_word' id='word_1_136' title='bbox 1105 2072 1194 2120; x_wconf 86' lang='lat' dir='ltr'><strong>lictum</strong></span> <span class='ocrx_word' id='word_1_137' title='bbox 1215 2083 1308 2119; x_wconf 84' lang='lat' dir='ltr'><strong>nomen</strong></span> <span class='ocrx_word' id='word_1_138' title='bbox 1325 2067 1433 2136; x_wconf 71' lang='lat' dir='ltr'><strong>recepit]</strong></span> 
     </span>
     <span class='ocr_line' id='line_1_16' title="bbox 296 2144 1433 2245; baseline 0 -23"><span class='ocrx_word' id='word_1_139' title='bbox 296 2144 529 2244; x_wconf 59' lang='grc' dir='ltr'><strong>Ἀριστόμαχοξ,</strong></span> <span class='ocrx_word' id='word_1_140' title='bbox 546 2149 698 2241; x_wconf 60' lang='grc' dir='ltr'><strong>Τήμενος,</strong></span> <span class='ocrx_word' id='word_1_141' title='bbox 714 2163 849 2240; x_wconf 76' lang='grc' dir='ltr'><strong><em>Κεῖστος.</em></strong></span> <span class='ocrx_word' id='word_1_142' title='bbox 872 2177 929 2245; x_wconf 83' lang='lat' dir='ltr'><strong>(Ap.</strong></span> <span class='ocrx_word' id='word_1_143' title='bbox 945 2178 1017 2230; x_wconf 87' lang='lat' dir='ltr'><strong>Diod.</strong></span> <span class='ocrx_word' id='word_1_144' title='bbox 1036 2175 1126 2239; x_wconf 91' lang='lat' dir='ltr'><strong>utique</strong></span> <span class='ocrx_word' id='word_1_145' title='bbox 1142 2171 1208 2221; x_wconf 88' lang='lat' dir='ltr'><strong>male</strong></span> <span class='ocrx_word' id='word_1_146' title='bbox 1219 2170 1341 2220; x_wconf 85' lang='lat' dir='ltr'><strong>ecribitur</strong></span> <span class='ocrx_word' id='word_1_147' title='bbox 1356 2156 1433 2222; x_wconf 77' lang='grc' dir='ltr'><strong><em>Κίσ-</em></strong></span> 
     </span>
     <span class='ocr_line' id='line_1_17' title="bbox 297 2248 1432 2342; baseline -0.002 -19"><span class='ocrx_word' id='word_1_148' title='bbox 297 2283 370 2338; x_wconf 90' lang='grc' dir='ltr'><strong><em>σιος,</em></strong></span> <span class='ocrx_word' id='word_1_149' title='bbox 392 2290 442 2326; x_wconf 90' lang='lat' dir='ltr'><strong>nec</strong></span> <span class='ocrx_word' id='word_1_150' title='bbox 456 2276 549 2326; x_wconf 84' lang='lat' dir='ltr'><strong>meliua</strong></span> <span class='ocrx_word' id='word_1_151' title='bbox 565 2256 670 2339; x_wconf 68' lang='lat' dir='ltr'><strong>Ka&#39;oog</strong></span> <span class='ocrx_word' id='word_1_152' title='bbox 686 2294 726 2342; x_wconf 92' lang='lat' dir='ltr'><strong>ap.</strong></span> <span class='ocrx_word' id='word_1_153' title='bbox 740 2278 837 2328; x_wconf 81' lang='lat' dir='ltr'><strong>Pauran</strong></span> <span class='ocrx_word' id='word_1_154' title='bbox 855 2248 889 2330; x_wconf 87' lang='lat' dir='ltr'><strong>ll.</strong></span> <span class='ocrx_word' id='word_1_155' title='bbox 911 2276 951 2328; x_wconf 81' lang='lat'><strong>12.</strong></span> <span class='ocrx_word' id='word_1_156' title='bbox 971 2275 997 2327; x_wconf 87' lang='grc'><strong>6.</strong></span> <span class='ocrx_word' id='word_1_157' title='bbox 1015 2270 1210 2324; x_wconf 71' lang='grc' dir='ltr'><strong>Βιιιίἰιιιηᾱιισι</strong></span> <span class='ocrx_word' id='word_1_158' title='bbox 1224 2269 1329 2319; x_wconf 84' lang='lat' dir='ltr'><strong>lortaree</strong></span> <span class='ocrx_word' id='word_1_159' title='bbox 1351 2273 1432 2323; x_wconf 81' lang='lat' dir='ltr'><strong>uhirir</strong></span> 
     </span>
     <span class='ocr_line' id='line_1_18' title="bbox 296 2352 1431 2444; baseline -0.004 -15"><span class='ocrx_word' id='word_1_160' title='bbox 296 2362 413 2439; x_wconf 69' lang='lat' dir='ltr'><strong>Ilicem</strong></span> <span class='ocrx_word' id='word_1_161' title='bbox 429 2373 470 2423; x_wconf 86' lang='lat' dir='ltr'><strong>rel</strong></span> <span class='ocrx_word' id='word_1_162' title='bbox 485 2362 620 2444; x_wconf 69' lang='grc' dir='ltr'><strong>Κεῖσος.)</strong></span> <span class='ocrx_word' id='word_1_163' title='bbox 645 2377 793 2440; x_wconf 83' lang='lat' dir='ltr'><strong>Sequuntur</strong></span> <span class='ocrx_word' id='word_1_164' title='bbox 815 2395 846 2429; x_wconf 83' lang='lat' dir='ltr'><strong>ex</strong></span> <span class='ocrx_word' id='word_1_165' title='bbox 868 2379 949 2442; x_wconf 77' lang='lat' dir='ltr'><strong>Satyri</strong></span> <span class='ocrx_word' id='word_1_166' title='bbox 970 2375 1119 2426; x_wconf 70' lang='lat' dir='ltr'><strong>recensione</strong></span> <span class='ocrx_word' id='word_1_167' title='bbox 1144 2352 1280 2442; x_wconf 72' lang='grc' dir='ltr'><strong>Μάρων,</strong></span> <span class='ocrx_word' id='word_1_168' title='bbox 1294 2356 1431 2440; x_wconf 73' lang='grc' dir='ltr'><strong>Θέστιος,</strong></span> 
     </span>
     <span class='ocr_line' id='line_1_19' title="bbox 295 2460 1431 2551; baseline -0.006 -20"><span class='ocrx_word' id='word_1_169' title='bbox 295 2460 416 2551; x_wconf 60' lang='lat' dir='ltr'><strong>moda(</strong></span> <span class='ocrx_word' id='word_1_170' title='bbox 434 2467 460 2550; x_wconf 89' lang='lat'><strong>),</strong></span> <span class='ocrx_word' id='word_1_171' title='bbox 480 2461 690 2548; x_wconf 74' lang='grc' dir='ltr'><strong><em>Ἀριστσμίδας</em></strong></span> <span class='ocrx_word' id='word_1_172' title='bbox 714 2477 742 2545; x_wconf 87' lang='lat' dir='ltr'><strong>(t.</strong></span> <span class='ocrx_word' id='word_1_173' title='bbox 768 2483 798 2527; x_wconf 91' lang='lat' dir='ltr'><strong>ut</strong></span> <span class='ocrx_word' id='word_1_174' title='bbox 822 2495 863 2544; x_wconf 90' lang='lat' dir='ltr'><strong>ap.</strong></span> <span class='ocrx_word' id='word_1_175' title='bbox 889 2478 962 2529; x_wconf 84' lang='lat' dir='ltr'><strong>ltiod.</strong></span> <span class='ocrx_word' id='word_1_176' title='bbox 987 2461 1260 2548; x_wconf 67' lang='grc' dir='ltr'><strong>Ἀριστσιῗαμίδιις),</strong></span> <span class='ocrx_word' id='word_1_177' title='bbox 1280 2489 1311 2523; x_wconf 83' lang='lat' dir='ltr'><strong>ex</strong></span> <span class='ocrx_word' id='word_1_178' title='bbox 1331 2475 1431 2525; x_wconf 81' lang='lat' dir='ltr'><strong>Diodori</strong></span> 
     </span>
     <span class='ocr_line' id='line_1_20' title="bbox 296 2561 1429 2652; baseline -0.005 -19"><span class='ocrx_word' id='word_1_179' title='bbox 296 2565 432 2643; x_wconf 73' lang='grc' dir='ltr'><strong>Θέστιος,</strong></span> <span class='ocrx_word' id='word_1_180' title='bbox 455 2564 589 2647; x_wconf 77' lang='grc' dir='ltr'><strong>Μέρσι),</strong></span> <span class='ocrx_word' id='word_1_181' title='bbox 611 2563 878 2652; x_wconf 73' lang='grc' dir='ltr'><strong><em>Ἀριστσὸαμίδας,</em></strong></span> <span class='ocrx_word' id='word_1_182' title='bbox 900 2565 1033 2644; x_wconf 74' lang='grc' dir='ltr'><strong>Φείδων,</strong></span> <span class='ocrx_word' id='word_1_183' title='bbox 1055 2594 1164 2643; x_wconf 86' lang='lat' dir='ltr'><strong>quorum</strong></span> <span class='ocrx_word' id='word_1_184' title='bbox 1183 2561 1307 2642; x_wconf 77' lang='grc' dir='ltr'><strong><em>Θέστιος</em></strong></span> <span class='ocrx_word' id='word_1_185' title='bbox 1328 2580 1356 2627; x_wconf 84' lang='lat' dir='ltr'><strong>in</strong></span> <span class='ocrx_word' id='word_1_186' title='bbox 1370 2578 1429 2627; x_wconf 82' lang='lat' dir='ltr'><strong>edit.</strong></span> 
     </span>
    </p>
   </div>
   <div class='ocr_carea' id='block_1_5' title="bbox 295 2669 1431 4478">
    <p class='ocr_par' dir='ltr' id='par_1_5' title="bbox 295 2669 1431 4131">
     <span class='ocr_line' id='line_1_21' title="bbox 296 2669 1430 2749; baseline -0.004 -15"><span class='ocrx_word' id='word_1_187' title='bbox 296 2684 372 2734; x_wconf 82' lang='lat' dir='ltr'><strong>liind.</strong></span> <span class='ocrx_word' id='word_1_188' title='bbox 390 2683 498 2749; x_wconf 86' lang='lat' dir='ltr'><strong>peaeime</strong></span> <span class='ocrx_word' id='word_1_189' title='bbox 517 2669 660 2733; x_wconf 69' lang='grc' dir='ltr'><strong><em>Θεοστῖου</em></strong></span> <span class='ocrx_word' id='word_1_190' title='bbox 677 2685 779 2734; x_wconf 89' lang='lat' dir='ltr'><strong>nomine</strong></span> <span class='ocrx_word' id='word_1_191' title='bbox 799 2687 914 2734; x_wconf 82' lang='lat' dir='ltr'><strong>vocatur.</strong></span> <span class='ocrx_word' id='word_1_192' title='bbox 938 2683 1028 2733; x_wconf 84' lang='lat' dir='ltr'><strong>Utrum</strong></span> <span class='ocrx_word' id='word_1_193' title='bbox 1050 2695 1138 2730; x_wconf 82' lang='lat' dir='ltr'><strong>rerum</strong></span> <span class='ocrx_word' id='word_1_194' title='bbox 1163 2681 1210 2739; x_wconf 81' lang='lat' dir='ltr'><strong>rit.</strong></span> <span class='ocrx_word' id='word_1_195' title='bbox 1235 2698 1287 2731; x_wconf 91' lang='lat' dir='ltr'><strong>non</strong></span> <span class='ocrx_word' id='word_1_196' title='bbox 1304 2697 1376 2731; x_wconf 90' lang='lat' dir='ltr'><strong>curo.</strong></span> <span class='ocrx_word' id='word_1_197' title='bbox 1401 2683 1430 2730; x_wconf 89' lang='lat' dir='ltr'><strong>ln</strong></span> 
     </span>
     <span class='ocr_line' id='line_1_22' title="bbox 298 2771 1429 2840; baseline -0.004 -16"><span class='ocrx_word' id='word_1_198' title='bbox 298 2774 512 2838; x_wconf 69' lang='lat' dir='ltr'><strong>verumtamen,</strong></span> <span class='ocrx_word' id='word_1_199' title='bbox 535 2774 634 2826; x_wconf 87' lang='lat' dir='ltr'><strong>decimo</strong></span> <span class='ocrx_word' id='word_1_200' title='bbox 656 2773 689 2825; x_wconf 91' lang='lat' dir='ltr'><strong>ab</strong></span> <span class='ocrx_word' id='word_1_201' title='bbox 705 2775 827 2840; x_wconf 83' lang='lat' dir='ltr'><strong>Hercule,</strong></span> <span class='ocrx_word' id='word_1_202' title='bbox 846 2773 970 2825; x_wconf 82' lang='lat' dir='ltr'><strong>uicdorm</strong></span> <span class='ocrx_word' id='word_1_203' title='bbox 992 2774 1079 2838; x_wconf 80' lang='lat' dir='ltr'><strong>Satyro</strong></span> <span class='ocrx_word' id='word_1_204' title='bbox 1098 2771 1258 2822; x_wconf 87' lang='lat' dir='ltr'><strong>conciliatur.</strong></span> <span class='ocrx_word' id='word_1_205' title='bbox 1277 2771 1334 2822; x_wconf 77' lang='lat' dir='ltr'><strong>l‘uit</strong></span> <span class='ocrx_word' id='word_1_206' title='bbox 1347 2775 1429 2822; x_wconf 85' lang='lat' dir='ltr'><strong>autem</strong></span> 
     </span>
     <span class='ocr_line' id='line_1_23' title="bbox 296 2857 1431 2929; baseline -0.004 -19"><span class='ocrx_word' id='word_1_207' title='bbox 296 2860 406 2911; x_wconf 73' lang='lat' dir='ltr'><strong>Caranus</strong></span> <span class='ocrx_word' id='word_1_208' title='bbox 422 2860 468 2910; x_wconf 89' lang='lat' dir='ltr'><strong>ille</strong></span> <span class='ocrx_word' id='word_1_209' title='bbox 487 2861 605 2911; x_wconf 89' lang='lat' dir='ltr'><strong>conditor</strong></span> <span class='ocrx_word' id='word_1_210' title='bbox 621 2861 694 2924; x_wconf 76' lang='lat' dir='ltr'><strong>regni</strong></span> <span class='ocrx_word' id='word_1_211' title='bbox 714 2862 869 2911; x_wconf 89' lang='lat' dir='ltr'><strong>llacedonici</strong></span> <span class='ocrx_word' id='word_1_212' title='bbox 886 2860 962 2929; x_wconf 88' lang='lat' dir='ltr'><strong>(Vell.</strong></span> <span class='ocrx_word' id='word_1_213' title='bbox 977 2861 1032 2909; x_wconf 87' lang='lat' dir='ltr'><strong>Pat.</strong></span> <span class='ocrx_word' id='word_1_214' title='bbox 1049 2860 1070 2907; x_wconf 92' lang='lat' dir='ltr'><strong>l.</strong></span> <span class='ocrx_word' id='word_1_215' title='bbox 1091 2857 1121 2917; x_wconf 82' lang='grc'><strong>6;</strong></span> <span class='ocrx_word' id='word_1_216' title='bbox 1138 2858 1231 2911; x_wconf 76' lang='lat' dir='ltr'><strong>lurein.</strong></span> <span class='ocrx_word' id='word_1_217' title='bbox 1250 2858 1306 2908; x_wconf 87' lang='lat' dir='ltr'><strong>vn.</strong></span> <span class='ocrx_word' id='word_1_218' title='bbox 1323 2858 1353 2923; x_wconf 98' lang='grc'><strong>1,</strong></span> <span class='ocrx_word' id='word_1_219' title='bbox 1367 2857 1431 2923; x_wconf 81' lang='lat' dir='ltr'><strong>alii),</strong></span> 
     </span>
     <span class='ocr_line' id='line_1_24' title="bbox 296 2945 1428 3014; baseline -0.002 -17"><span class='ocrx_word' id='word_1_220' title='bbox 296 2947 339 2997; x_wconf 91' lang='lat' dir='ltr'><strong>cui</strong></span> <span class='ocrx_word' id='word_1_221' title='bbox 363 2948 567 3012; x_wconf 17' lang='lat' dir='ltr'><strong>liliueUOoenue,</strong></span> <span class='ocrx_word' id='word_1_222' title='bbox 591 2964 671 3014; x_wconf 82' lang='lat' dir='ltr'><strong>nepoe</strong></span> <span class='ocrx_word' id='word_1_223' title='bbox 691 2950 848 3013; x_wconf 74' lang='lat' dir='ltr'><strong>Tyrinum,</strong></span> <span class='ocrx_word' id='word_1_224' title='bbox 874 2953 982 3010; x_wconf 88' lang='lat' dir='ltr'><strong>uterque</strong></span> <span class='ocrx_word' id='word_1_225' title='bbox 1007 2945 1169 2994; x_wconf 72' lang='lat' dir='ltr'><strong>Macedoniae</strong></span> <span class='ocrx_word' id='word_1_226' title='bbox 1191 2946 1242 2994; x_wconf 76' lang='lat' dir='ltr'><strong>ner</strong></span> <span class='ocrx_word' id='word_1_227' title='bbox 1265 2946 1367 3012; x_wconf 76' lang='lat' dir='ltr'><strong>(Enoch.</strong></span> <span class='ocrx_word' id='word_1_228' title='bbox 1390 2962 1428 3011; x_wconf 92' lang='lat' dir='ltr'><strong>ap.</strong></span> 
     </span>
     <span class='ocr_line' id='line_1_25' title="bbox 297 3030 1430 3099; baseline -0.003 -17"><span class='ocrx_word' id='word_1_229' title='bbox 297 3033 388 3097; x_wconf 73' lang='lat' dir='ltr'><strong>Scalig.</strong></span> <span class='ocrx_word' id='word_1_230' title='bbox 406 3050 432 3099; x_wconf 94' lang='lat' dir='ltr'><strong>p.</strong></span> <span class='ocrx_word' id='word_1_231' title='bbox 448 3030 495 3091; x_wconf 81' lang='lat'><strong>5⁷;</strong></span> <span class='ocrx_word' id='word_1_232' title='bbox 513 3034 624 3097; x_wconf 77' lang='lat' dir='ltr'><strong>syncell.</strong></span> <span class='ocrx_word' id='word_1_233' title='bbox 640 3035 658 3084; x_wconf 95' lang='lat' dir='ltr'><strong>l.</strong></span> <span class='ocrx_word' id='word_1_234' title='bbox 677 3033 717 3099; x_wconf 92' lang='grc'><strong>1.),</strong></span> <span class='ocrx_word' id='word_1_235' title='bbox 730 3040 839 3097; x_wconf 90' lang='lat' dir='ltr'><strong>uterque</strong></span> <span class='ocrx_word' id='word_1_236' title='bbox 856 3034 931 3083; x_wconf 80' lang='lat' dir='ltr'><strong>etiam</strong></span> <span class='ocrx_word' id='word_1_237' title='bbox 951 3031 1087 3081; x_wconf 88' lang='lat' dir='ltr'><strong>Ptolemaei</strong></span> <span class='ocrx_word' id='word_1_238' title='bbox 1103 3035 1130 3079; x_wconf 90' lang='lat' dir='ltr'><strong>et</strong></span> <span class='ocrx_word' id='word_1_239' title='bbox 1146 3031 1281 3080; x_wconf 75' lang='lat' dir='ltr'><strong>Alexandri</strong></span> <span class='ocrx_word' id='word_1_240' title='bbox 1294 3032 1430 3097; x_wconf 72' lang='lat' dir='ltr'><strong>majoribus</strong></span> 
     </span>
     <span class='ocr_line' id='line_1_26' title="bbox 295 3115 1430 3184; baseline -0.002 -16"><span class='ocrx_word' id='word_1_241' title='bbox 295 3118 479 3169; x_wconf 73' lang='lat' dir='ltr'><strong>accensendus.</strong></span> <span class='ocrx_word' id='word_1_242' title='bbox 507 3119 529 3168; x_wconf 95' lang='lat' dir='ltr'><strong>A</strong></span> <span class='ocrx_word' id='word_1_243' title='bbox 554 3120 677 3184; x_wconf 75' lang='lat' dir='ltr'><strong>&#39;l&#39;primma</strong></span> <span class='ocrx_word' id='word_1_244' title='bbox 700 3136 773 3184; x_wconf 84' lang='lat' dir='ltr'><strong>vero,</strong></span> <span class='ocrx_word' id='word_1_245' title='bbox 794 3115 837 3169; x_wconf 86' lang='lat' dir='ltr'><strong>cni</strong></span> <span class='ocrx_word' id='word_1_246' title='bbox 854 3119 988 3169; x_wconf 78' lang='lat' dir='ltr'><strong>Perdiccae</strong></span> <span class='ocrx_word' id='word_1_247' title='bbox 1007 3118 1129 3167; x_wconf 74' lang='lat' dir='ltr'><strong>successit</strong></span> <span class='ocrx_word' id='word_1_248' title='bbox 1144 3117 1189 3183; x_wconf 82' lang='lat' dir='ltr'><strong>(ot.</strong></span> <span class='ocrx_word' id='word_1_249' title='bbox 1210 3117 1311 3166; x_wconf 85' lang='lat' dir='ltr'><strong>Clinton</strong></span> <span class='ocrx_word' id='word_1_250' title='bbox 1335 3134 1360 3183; x_wconf 91' lang='lat' dir='ltr'><strong>p.</strong></span> <span class='ocrx_word' id='word_1_251' title='bbox 1381 3116 1430 3166; x_wconf 82' lang='lat'><strong>236</strong></span> 
     </span>
     <span class='ocr_line' id='line_1_27' title="bbox 296 3202 1429 3271; baseline -0.002 -18"><span class='ocrx_word' id='word_1_252' title='bbox 296 3202 374 3270; x_wconf 69' lang='lat' dir='ltr'><strong>sqq),</strong></span> <span class='ocrx_word' id='word_1_253' title='bbox 391 3204 435 3254; x_wconf 92' lang='lat' dir='ltr'><strong>alii</strong></span> <span class='ocrx_word' id='word_1_254' title='bbox 454 3210 620 3255; x_wconf 84' lang='lat' dir='ltr'><strong>numerantur</strong></span> <span class='ocrx_word' id='word_1_255' title='bbox 639 3207 798 3271; x_wconf 83' lang='lat' dir='ltr'><strong>Alexandro,</strong></span> <span class='ocrx_word' id='word_1_256' title='bbox 821 3205 865 3255; x_wconf 86' lang='lat' dir='ltr'><strong>alii</strong></span> <span class='ocrx_word' id='word_1_257' title='bbox 882 3206 1026 3255; x_wconf 88' lang='lat' dir='ltr'><strong>Ptolemaeo</strong></span> <span class='ocrx_word' id='word_1_258' title='bbox 1044 3205 1165 3270; x_wconf 68' lang='lat' dir='ltr'><strong>majorem</strong></span> <span class='ocrx_word' id='word_1_259' title='bbox 1188 3204 1250 3267; x_wconf 83' lang='lat' dir='ltr'><strong>piei,</strong></span> <span class='ocrx_word' id='word_1_260' title='bbox 1271 3205 1341 3267; x_wconf 93' lang='lat' dir='ltr'><strong>quod</strong></span> <span class='ocrx_word' id='word_1_261' title='bbox 1357 3204 1429 3254; x_wconf 86' lang='lat' dir='ltr'><strong>lacile</strong></span> 
     </span>
     <span class='ocr_line' id='line_1_28' title="bbox 297 3289 1430 3356; baseline -0.002 -16"><span class='ocrx_word' id='word_1_262' title='bbox 297 3289 400 3340; x_wconf 80' lang='lat' dir='ltr'><strong>evenire</strong></span> <span class='ocrx_word' id='word_1_263' title='bbox 417 3292 516 3356; x_wconf 90' lang='lat' dir='ltr'><strong>potuit,</strong></span> <span class='ocrx_word' id='word_1_264' title='bbox 534 3292 661 3355; x_wconf 74' lang='lat' dir='ltr'><strong>aliquota</strong></span> <span class='ocrx_word' id='word_1_265' title='bbox 680 3294 767 3356; x_wconf 75' lang='lat' dir='ltr'><strong>Satyro</strong></span> <span class='ocrx_word' id='word_1_266' title='bbox 789 3292 893 3341; x_wconf 70' lang='lat' dir='ltr'><strong>omicron</strong></span> <span class='ocrx_word' id='word_1_267' title='bbox 908 3293 996 3341; x_wconf 79' lang='lat' dir='ltr'><strong>credar</strong></span> <span class='ocrx_word' id='word_1_268' title='bbox 1017 3292 1085 3341; x_wconf 88' lang='lat' dir='ltr'><strong>inter</strong></span> <span class='ocrx_word' id='word_1_269' title='bbox 1104 3291 1253 3354; x_wconf 73' lang='lat' dir='ltr'><strong>Pyrimmam</strong></span> <span class='ocrx_word' id='word_1_270' title='bbox 1269 3294 1296 3338; x_wconf 88' lang='lat' dir='ltr'><strong>et</strong></span> <span class='ocrx_word' id='word_1_271' title='bbox 1314 3292 1430 3340; x_wconf 82' lang='lat' dir='ltr'><strong>Alcetom</strong></span> 
     </span>
     <span class='ocr_line' id='line_1_29' title="bbox 296 3364 1431 3443; baseline 0 -18"><span class='ocrx_word' id='word_1_272' title='bbox 296 3380 374 3440; x_wconf 85' lang='lat' dir='ltr'><strong>atque</strong></span> <span class='ocrx_word' id='word_1_273' title='bbox 397 3376 544 3443; x_wconf 76' lang='lat' dir='ltr'><strong>Amyntam,</strong></span> <span class='ocrx_word' id='word_1_274' title='bbox 568 3395 632 3442; x_wconf 81' lang='lat' dir='ltr'><strong>quoa</strong></span> <span class='ocrx_word' id='word_1_275' title='bbox 653 3379 775 3443; x_wconf 72' lang='lat' dir='ltr'><strong>deinceps</strong></span> <span class='ocrx_word' id='word_1_276' title='bbox 791 3383 927 3440; x_wconf 86' lang='lat' dir='ltr'><strong>memorat,</strong></span> <span class='ocrx_word' id='word_1_277' title='bbox 945 3393 1105 3442; x_wconf 88' lang='lat' dir='ltr'><strong>quorumque</strong></span> <span class='ocrx_word' id='word_1_278' title='bbox 1122 3376 1165 3425; x_wconf 91' lang='lat' dir='ltr'><strong>hic</strong></span> <span class='ocrx_word' id='word_1_279' title='bbox 1189 3373 1256 3425; x_wconf 85' lang='lat' dir='ltr'><strong>ultra</strong></span> <span class='ocrx_word' id='word_1_280' title='bbox 1273 3392 1296 3425; x_wconf 87' lang='lat' dir='ltr'><strong>a.</strong></span> <span class='ocrx_word' id='word_1_281' title='bbox 1320 3364 1373 3426; x_wconf 85' lang='lat'><strong>5&#39;07</strong></span> <span class='ocrx_word' id='word_1_282' title='bbox 1393 3392 1431 3425; x_wconf 89' lang='lat' dir='ltr'><strong>re·</strong></span> 
     </span>
     <span class='ocr_line' id='line_1_30' title="bbox 297 3460 1429 3529; baseline 0 -17"><span class='ocrx_word' id='word_1_283' title='bbox 297 3477 386 3525; x_wconf 71' lang='lat' dir='ltr'><strong>gnatae</strong></span> <span class='ocrx_word' id='word_1_284' title='bbox 408 3463 519 3514; x_wconf 79' lang='lat' dir='ltr'><strong>videtur.</strong></span> <span class='ocrx_word' id='word_1_285' title='bbox 546 3465 582 3513; x_wconf 82' lang='lat' dir='ltr'><strong>(ll.</strong></span> <span class='ocrx_word' id='word_1_286' title='bbox 606 3465 707 3514; x_wconf 86' lang='lat' dir='ltr'><strong>Clinton</strong></span> <span class='ocrx_word' id='word_1_287' title='bbox 725 3481 750 3529; x_wconf 96' lang='lat' dir='ltr'><strong>p.</strong></span> <span class='ocrx_word' id='word_1_288' title='bbox 774 3460 834 3514; x_wconf 78' lang='lat'><strong>2³7.</strong></span> <span class='ocrx_word' id='word_1_289' title='bbox 859 3464 969 3513; x_wconf 84' lang='lat' dir='ltr'><strong>Tandem</strong></span> <span class='ocrx_word' id='word_1_290' title='bbox 989 3464 1017 3513; x_wconf 90' lang='lat' dir='ltr'><strong>in</strong></span> <span class='ocrx_word' id='word_1_291' title='bbox 1037 3462 1117 3527; x_wconf 73' lang='lat' dir='ltr'><strong>Satyri</strong></span> <span class='ocrx_word' id='word_1_292' title='bbox 1137 3463 1278 3525; x_wconf 76' lang='lat' dir='ltr'><strong>fragmento</strong></span> <span class='ocrx_word' id='word_1_293' title='bbox 1297 3463 1429 3526; x_wconf 79' lang='lat' dir='ltr'><strong>Amyntam</strong></span> 
     </span>
     <span class='ocr_line' id='line_1_31' title="bbox 296 3548 1431 3617; baseline -0.001 -18"><span class='ocrx_word' id='word_1_294' title='bbox 296 3549 390 3615; x_wconf 86' lang='lat' dir='ltr'><strong>excipit</strong></span> <span class='ocrx_word' id='word_1_295' title='bbox 400 3552 515 3614; x_wconf 79' lang='lat' dir='ltr'><strong>Bocrur,</strong></span> <span class='ocrx_word' id='word_1_296' title='bbox 527 3550 597 3598; x_wconf 90' lang='lat' dir='ltr'><strong>hunc</strong></span> <span class='ocrx_word' id='word_1_297' title='bbox 607 3552 754 3617; x_wconf 73' lang='lat' dir='ltr'><strong>Meleager,</strong></span> <span class='ocrx_word' id='word_1_298' title='bbox 772 3550 847 3613; x_wconf 85' lang='lat' dir='ltr'><strong>cujue</strong></span> <span class='ocrx_word' id='word_1_299' title='bbox 860 3549 938 3600; x_wconf 84' lang='lat' dir='ltr'><strong>filiam</strong></span> <span class='ocrx_word' id='word_1_300' title='bbox 958 3549 1034 3598; x_wconf 81' lang='lat' dir='ltr'><strong>luieae</strong></span> <span class='ocrx_word' id='word_1_301' title='bbox 1053 3548 1157 3612; x_wconf 89' lang='lat' dir='ltr'><strong>monui,</strong></span> <span class='ocrx_word' id='word_1_302' title='bbox 1168 3563 1233 3612; x_wconf 86' lang='lat' dir='ltr'><strong>quae</strong></span> <span class='ocrx_word' id='word_1_303' title='bbox 1249 3548 1331 3597; x_wconf 82' lang='lat' dir='ltr'><strong>atatim</strong></span> <span class='ocrx_word' id='word_1_304' title='bbox 1349 3550 1431 3598; x_wconf 88' lang='lat' dir='ltr'><strong>nomi-</strong></span> 
     </span>
     <span class='ocr_line' id='line_1_32' title="bbox 296 3634 1431 3702; baseline -0.003 -15"><span class='ocrx_word' id='word_1_305' title='bbox 296 3642 388 3701; x_wconf 87' lang='lat' dir='ltr'><strong>natur,</strong></span> <span class='ocrx_word' id='word_1_306' title='bbox 398 3635 537 3698; x_wconf 65' lang='lat' dir='ltr'><strong>Arsinoen,</strong></span> <span class='ocrx_word' id='word_1_307' title='bbox 557 3637 615 3699; x_wconf 75' lang='lat' dir='ltr'><strong>Lagi</strong></span> <span class='ocrx_word' id='word_1_308' title='bbox 628 3652 738 3686; x_wconf 84' lang='lat' dir='ltr'><strong>uxorem.</strong></span> <span class='ocrx_word' id='word_1_309' title='bbox 758 3637 848 3700; x_wconf 90' lang='lat' dir='ltr'><strong>ltaque</strong></span> <span class='ocrx_word' id='word_1_310' title='bbox 865 3640 894 3684; x_wconf 92' lang='lat' dir='ltr'><strong>ut</strong></span> <span class='ocrx_word' id='word_1_311' title='bbox 911 3652 998 3702; x_wconf 84' lang='lat' dir='ltr'><strong>reapee</strong></span> <span class='ocrx_word' id='word_1_312' title='bbox 1015 3634 1174 3684; x_wconf 84' lang='lat' dir='ltr'><strong>Ptolemaeue</strong></span> <span class='ocrx_word' id='word_1_313' title='bbox 1184 3652 1198 3684; x_wconf 93' lang='lat' dir='ltr'><strong>a</strong></span> <span class='ocrx_word' id='word_1_314' title='bbox 1209 3639 1287 3683; x_wconf 90' lang='lat' dir='ltr'><strong>matre</strong></span> <span class='ocrx_word' id='word_1_315' title='bbox 1302 3638 1431 3702; x_wconf 76' lang='lat' dir='ltr'><strong>sanguine</strong></span> 
     </span>
     <span class='ocr_line' id='line_1_33' title="bbox 296 3719 1431 3791; baseline 0.001 -21"><span class='ocrx_word' id='word_1_316' title='bbox 296 3721 439 3771; x_wconf 85' lang='lat' dir='ltr'><strong>Alexandro</strong></span> <span class='ocrx_word' id='word_1_317' title='bbox 460 3722 611 3791; x_wconf 77' lang='lat' dir='ltr'><strong>conjunctae</strong></span> <span class='ocrx_word' id='word_1_318' title='bbox 628 3730 698 3785; x_wconf 84' lang='lat' dir='ltr'><strong>erat,</strong></span> <span class='ocrx_word' id='word_1_319' title='bbox 721 3723 771 3787; x_wconf 89' lang='lat' dir='ltr'><strong>ita,</strong></span> <span class='ocrx_word' id='word_1_320' title='bbox 790 3723 854 3772; x_wconf 87' lang='lat' dir='ltr'><strong>licet</strong></span> <span class='ocrx_word' id='word_1_321' title='bbox 867 3722 898 3771; x_wconf 91' lang='lat' dir='ltr'><strong>de</strong></span> <span class='ocrx_word' id='word_1_322' title='bbox 918 3726 1023 3788; x_wconf 89' lang='lat' dir='ltr'><strong>paterna</strong></span> <span class='ocrx_word' id='word_1_323' title='bbox 1040 3722 1118 3787; x_wconf 83' lang='lat' dir='ltr'><strong>atirpe</strong></span> <span class='ocrx_word' id='word_1_324' title='bbox 1132 3719 1197 3770; x_wconf 87' lang='lat' dir='ltr'><strong>nihil</strong></span> <span class='ocrx_word' id='word_1_325' title='bbox 1218 3721 1357 3784; x_wconf 90' lang='lat' dir='ltr'><strong>quidquam</strong></span> <span class='ocrx_word' id='word_1_326' title='bbox 1376 3738 1431 3771; x_wconf 87' lang='lat' dir='ltr'><strong>me-</strong></span> 
     </span>
     <span class='ocr_line' id='line_1_34' title="bbox 297 3808 1430 3874; baseline -0.001 -17"><span class='ocrx_word' id='word_1_327' title='bbox 297 3812 411 3858; x_wconf 89' lang='lat' dir='ltr'><strong>moretur</strong></span> <span class='ocrx_word' id='word_1_328' title='bbox 434 3812 535 3874; x_wconf 86' lang='lat' dir='ltr'><strong>praeter</strong></span> <span class='ocrx_word' id='word_1_329' title='bbox 558 3808 773 3858; x_wconf 88' lang='lat' dir='ltr'><strong>narratiunculam</strong></span> <span class='ocrx_word' id='word_1_330' title='bbox 796 3808 942 3872; x_wconf 88' lang='lat' dir='ltr'><strong>Plutarchi,</strong></span> <span class='ocrx_word' id='word_1_331' title='bbox 969 3812 1052 3856; x_wconf 84' lang='lat' dir='ltr'><strong>tamen</strong></span> <span class='ocrx_word' id='word_1_332' title='bbox 1079 3822 1160 3869; x_wconf 80' lang='lat' dir='ltr'><strong>gcnue</strong></span> <span class='ocrx_word' id='word_1_333' title='bbox 1179 3823 1301 3871; x_wconf 83' lang='lat' dir='ltr'><strong>perquam</strong></span> <span class='ocrx_word' id='word_1_334' title='bbox 1325 3809 1430 3856; x_wconf 81' lang='lat' dir='ltr'><strong>illustre</strong></span> 
     </span>
     <span class='ocr_line' id='line_1_35' title="bbox 295 3893 1428 3959; baseline -0.002 -15"><span class='ocrx_word' id='word_1_335' title='bbox 295 3894 441 3944; x_wconf 89' lang='lat' dir='ltr'><strong>Ptolemaeo</strong></span> <span class='ocrx_word' id='word_1_336' title='bbox 458 3893 571 3943; x_wconf 88' lang='lat' dir='ltr'><strong>tribuere</strong></span> <span class='ocrx_word' id='word_1_337' title='bbox 588 3894 656 3943; x_wconf 93' lang='lat' dir='ltr'><strong>haud</strong></span> <span class='ocrx_word' id='word_1_338' title='bbox 672 3894 794 3943; x_wconf 85' lang='lat' dir='ltr'><strong>dubitari.</strong></span> <span class='ocrx_word' id='word_1_339' title='bbox 814 3894 927 3959; x_wconf 82' lang='lat' dir='ltr'><strong>Quodad</strong></span> <span class='ocrx_word' id='word_1_340' title='bbox 939 3893 1022 3942; x_wconf 86' lang='lat' dir='ltr'><strong>Geieri</strong></span> <span class='ocrx_word' id='word_1_341' title='bbox 1035 3897 1089 3941; x_wconf 92' lang='lat' dir='ltr'><strong>turn</strong></span> <span class='ocrx_word' id='word_1_342' title='bbox 1105 3908 1218 3942; x_wconf 89' lang='lat' dir='ltr'><strong>errorem</strong></span> <span class='ocrx_word' id='word_1_343' title='bbox 1233 3893 1428 3957; x_wconf 81' lang='lat' dir='ltr'><strong>corrigendum,</strong></span> 
     </span>
     <span class='ocr_line' id='line_1_36' title="bbox 297 3980 1429 4047; baseline 0 -18"><span class='ocrx_word' id='word_1_344' title='bbox 297 3986 351 4029; x_wconf 91' lang='lat' dir='ltr'><strong>tum</strong></span> <span class='ocrx_word' id='word_1_345' title='bbox 372 3981 490 4030; x_wconf 84' lang='lat' dir='ltr'><strong>lacunam</strong></span> <span class='ocrx_word' id='word_1_346' title='bbox 507 3980 690 4047; x_wconf 71' lang='lat' dir='ltr'><strong>supplendam,</strong></span> <span class='ocrx_word' id='word_1_347' title='bbox 711 3980 787 4047; x_wconf 90' lang='lat' dir='ltr'><strong>paulo</strong></span> <span class='ocrx_word' id='word_1_348' title='bbox 808 3980 886 4030; x_wconf 76' lang='lat' dir='ltr'><strong>altius</strong></span> <span class='ocrx_word' id='word_1_349' title='bbox 908 3984 1024 4046; x_wconf 89' lang='lat' dir='ltr'><strong>repetere</strong></span> <span class='ocrx_word' id='word_1_350' title='bbox 1039 3980 1170 4043; x_wconf 83' lang='lat' dir='ltr'><strong>iuaiuaque</strong></span> <span class='ocrx_word' id='word_1_351' title='bbox 1192 3993 1317 4044; x_wconf 86' lang='lat' dir='ltr'><strong>exponere</strong></span> <span class='ocrx_word' id='word_1_352' title='bbox 1338 3996 1429 4045; x_wconf 87' lang='lat' dir='ltr'><strong>operae</strong></span> 
     </span>
     <span class='ocr_line' id='line_1_37' title="bbox 296 4066 493 4131; baseline 0.005 -15"><span class='ocrx_word' id='word_1_353' title='bbox 296 4067 409 4131; x_wconf 89' lang='lat' dir='ltr'><strong>pretium</strong></span> <span class='ocrx_word' id='word_1_354' title='bbox 426 4066 493 4117; x_wconf 76' lang='lat' dir='ltr'><strong>duxi.</strong></span> 
     </span>
    </p>

    <p class='ocr_par' dir='ltr' id='par_1_6' title="bbox 295 4148 1430 4478">
     <span class='ocr_line' id='line_1_38' title="bbox 329 4148 1430 4220; baseline 0 -19"><span class='ocrx_word' id='word_1_355' title='bbox 329 4148 356 4214; x_wconf 92' lang='grc'><strong>1)</strong></span> <span class='ocrx_word' id='word_1_356' title='bbox 374 4152 483 4201; x_wconf 82' lang='lat' dir='ltr'><strong>Futilem</strong></span> <span class='ocrx_word' id='word_1_357' title='bbox 505 4153 600 4203; x_wconf 81' lang='lat' dir='ltr'><strong>luetini</strong></span> <span class='ocrx_word' id='word_1_358' title='bbox 618 4154 697 4220; x_wconf 80' lang='lat' dir='ltr'><strong>(lllll.</strong></span> <span class='ocrx_word' id='word_1_359' title='bbox 722 4150 758 4217; x_wconf 85' lang='lat' dir='ltr'><strong>t.)</strong></span> <span class='ocrx_word' id='word_1_360' title='bbox 784 4154 968 4217; x_wconf 88' lang='lat' dir='ltr'><strong>narrationem,</strong></span> <span class='ocrx_word' id='word_1_361' title='bbox 992 4168 1043 4217; x_wconf 88' lang='lat' dir='ltr'><strong>qua</strong></span> <span class='ocrx_word' id='word_1_362' title='bbox 1066 4152 1237 4202; x_wconf 88' lang='lat' dir='ltr'><strong>Ptolemaeum</strong></span> <span class='ocrx_word' id='word_1_363' title='bbox 1258 4166 1289 4200; x_wconf 77' lang='lat' dir='ltr'><strong>ca·</strong></span> <span class='ocrx_word' id='word_1_364' title='bbox 1303 4155 1430 4218; x_wconf 76' lang='lat' dir='ltr'><strong>gregoria</strong></span> 
     </span>
     <span class='ocr_line' id='line_1_39' title="bbox 295 4236 1428 4305; baseline 0.004 -20"><span class='ocrx_word' id='word_1_365' title='bbox 295 4238 380 4287; x_wconf 81' lang='lat' dir='ltr'><strong>milite</strong></span> <span class='ocrx_word' id='word_1_366' title='bbox 394 4236 543 4288; x_wconf 69' lang='lat' dir='ltr'><strong>Menander</strong></span> <span class='ocrx_word' id='word_1_367' title='bbox 558 4241 668 4289; x_wconf 79' lang='lat' dir='ltr'><strong>virtutis</strong></span> <span class='ocrx_word' id='word_1_368' title='bbox 683 4255 776 4289; x_wconf 80' lang='lat' dir='ltr'><strong>caueae</strong></span> <span class='ocrx_word' id='word_1_369' title='bbox 789 4242 940 4305; x_wconf 69' lang='lat' dir='ltr'><strong>praemere</strong></span> <span class='ocrx_word' id='word_1_370' title='bbox 959 4239 1069 4302; x_wconf 88' lang='lat' dir='ltr'><strong>dicitur,</strong></span> <span class='ocrx_word' id='word_1_371' title='bbox 1086 4237 1165 4288; x_wconf 83' lang='lat' dir='ltr'><strong>verbo</strong></span> <span class='ocrx_word' id='word_1_372' title='bbox 1182 4238 1295 4299; x_wconf 76' lang='lat' dir='ltr'><strong>tetigitte</strong></span> <span class='ocrx_word' id='word_1_373' title='bbox 1310 4239 1428 4290; x_wconf 75' lang='lat' dir='ltr'><strong>sufficiat.</strong></span> 
     </span>
     <span class='ocr_line' id='line_1_40' title="bbox 296 4323 1429 4390; baseline -0.001 -15"><span class='ocrx_word' id='word_1_374' title='bbox 296 4323 420 4387; x_wconf 80' lang='lat' dir='ltr'><strong>Equidem</strong></span> <span class='ocrx_word' id='word_1_375' title='bbox 433 4328 478 4387; x_wconf 88' lang='lat' dir='ltr'><strong>ut,</strong></span> <span class='ocrx_word' id='word_1_376' title='bbox 494 4325 556 4388; x_wconf 94' lang='lat' dir='ltr'><strong>quid</strong></span> <span class='ocrx_word' id='word_1_377' title='bbox 573 4327 695 4389; x_wconf 79' lang='lat' dir='ltr'><strong>rentiam,</strong></span> <span class='ocrx_word' id='word_1_378' title='bbox 706 4325 787 4375; x_wconf 87' lang='lat' dir='ltr'><strong>obiter</strong></span> <span class='ocrx_word' id='word_1_379' title='bbox 803 4327 846 4375; x_wconf 91' lang='lat' dir='ltr'><strong>hio</strong></span> <span class='ocrx_word' id='word_1_380' title='bbox 860 4341 990 4389; x_wconf 87' lang='lat' dir='ltr'><strong>moneam,</strong></span> <span class='ocrx_word' id='word_1_381' title='bbox 1003 4325 1174 4384; x_wconf 83' lang='lat' dir='ltr'><strong>Ptolemaeum</strong></span> <span class='ocrx_word' id='word_1_382' title='bbox 1184 4324 1339 4390; x_wconf 73' lang='lat' dir='ltr'><strong>adscriptum</strong></span> <span class='ocrx_word' id='word_1_383' title='bbox 1351 4326 1429 4375; x_wconf 83' lang='lat' dir='ltr'><strong>iuieae</strong></span> 
     </span>
     <span class='ocr_line' id='line_1_41' title="bbox 296 4409 1429 4478; baseline 0.001 -20"><span class='ocrx_word' id='word_1_384' title='bbox 296 4410 408 4473; x_wconf 89' lang='lat' dir='ltr'><strong>conjicio</strong></span> <span class='ocrx_word' id='word_1_385' title='bbox 433 4409 574 4478; x_wconf 89' lang='lat' dir='ltr'><strong>principum</strong></span> <span class='ocrx_word' id='word_1_386' title='bbox 599 4411 758 4461; x_wconf 70' lang='lat' dir='ltr'><strong>Macedoniae</strong></span> <span class='ocrx_word' id='word_1_387' title='bbox 777 4411 865 4461; x_wconf 82' lang='lat' dir='ltr'><strong>liberie</strong></span> <span class='ocrx_word' id='word_1_388' title='bbox 878 4411 985 4477; x_wconf 70' lang='lat' dir='ltr'><strong>adultis,</strong></span> <span class='ocrx_word' id='word_1_389' title='bbox 1011 4427 1075 4476; x_wconf 85' lang='lat' dir='ltr'><strong>quoa</strong></span> <span class='ocrx_word' id='word_1_390' title='bbox 1101 4411 1132 4459; x_wconf 89' lang='lat' dir='ltr'><strong>ad</strong></span> <span class='ocrx_word' id='word_1_391' title='bbox 1157 4409 1296 4458; x_wconf 72' lang='lat' dir='ltr'><strong>custodiam</strong></span> <span class='ocrx_word' id='word_1_392' title='bbox 1316 4412 1429 4478; x_wconf 87' lang='lat' dir='ltr'><strong>corporie</strong></span> 
     </span>
    </p>
   </div>
   <div class='ocr_carea' id='block_1_6' title="bbox 294 4494 1427 4649">
    <p class='ocr_par' dir='ltr' id='par_1_7' title="bbox 294 4494 1427 4649">
     <span class='ocr_line' id='line_1_42' title="bbox 294 4494 1427 4562; baseline 0.004 -19"><span class='ocrx_word' id='word_1_393' title='bbox 294 4495 528 4562; x_wconf 77' lang='lat' dir='ltr'><strong>Philippuclegiaee</strong></span> <span class='ocrx_word' id='word_1_394' title='bbox 543 4497 646 4549; x_wconf 86' lang='lat' dir='ltr'><strong>dicitur.</strong></span> <span class='ocrx_word' id='word_1_395' title='bbox 665 4498 722 4548; x_wconf 86' lang='lat' dir='ltr'><strong>Vid.</strong></span> <span class='ocrx_word' id='word_1_396' title='bbox 736 4499 836 4550; x_wconf 89' lang='lat' dir='ltr'><strong>Arrian.</strong></span> <span class='ocrx_word' id='word_1_397' title='bbox 855 4496 954 4548; x_wconf 87' lang='lat' dir='ltr'><strong>tv.13.</strong></span> <span class='ocrx_word' id='word_1_398' title='bbox 971 4496 999 4555; x_wconf 69' lang='lat'><strong>13</strong></span> <span class='ocrx_word' id='word_1_399' title='bbox 1016 4498 1117 4547; x_wconf 73' lang='lat' dir='ltr'><strong>Curtius</strong></span> <span class='ocrx_word' id='word_1_400' title='bbox 1132 4497 1163 4547; x_wconf 87' lang='lat' dir='ltr'><strong>V.</strong></span> <span class='ocrx_word' id='word_1_401' title='bbox 1180 4494 1205 4547; x_wconf 87' lang='lat'><strong>1.</strong></span> <span class='ocrx_word' id='word_1_402' title='bbox 1223 4494 1356 4561; x_wconf 78' lang='lat' dir='ltr'><strong>tt,v1tt.</strong></span> <span class='ocrx_word' id='word_1_403' title='bbox 1371 4496 1395 4546; x_wconf 89' lang='grc'><strong>6.</strong></span> <span class='ocrx_word' id='word_1_404' title='bbox 1411 4497 1427 4547; x_wconf 78' lang='grc'>2</span> 
     </span>
     <span class='ocr_line' id='line_1_43' title="bbox 295 4581 1341 4649; baseline -0.015 1"><span class='ocrx_word' id='word_1_405' title='bbox 295 4596 360 4649; x_wconf 76' lang='lat' dir='ltr'><strong>tqq.;</strong></span> <span class='ocrx_word' id='word_1_406' title='bbox 381 4582 479 4633; x_wconf 77' lang='lat' dir='ltr'><strong>tettan.</strong></span> <span class='ocrx_word' id='word_1_407' title='bbox 502 4585 528 4635; x_wconf 74' lang='lat' dir='ltr'><strong>V.</strong></span> <span class='ocrx_word' id='word_1_408' title='bbox 545 4584 580 4635; x_wconf 82' lang='grc' dir='ltr'><strong>Η.</strong></span> <span class='ocrx_word' id='word_1_409' title='bbox 597 4585 662 4635; x_wconf 83' lang='lat' dir='ltr'><strong>xtv.</strong></span> <span class='ocrx_word' id='word_1_410' title='bbox 682 4581 725 4647; x_wconf 76' lang='lat'><strong>49,</strong></span> <span class='ocrx_word' id='word_1_411' title='bbox 743 4584 787 4633; x_wconf 92' lang='lat' dir='ltr'><strong>ubi</strong></span> <span class='ocrx_word' id='word_1_412' title='bbox 803 4585 846 4637; x_wconf 76' lang='lat' dir='ltr'><strong>ott.</strong></span> <span class='ocrx_word' id='word_1_413' title='bbox 864 4585 949 4649; x_wconf 89' lang='lat' dir='ltr'><strong>lntpp.</strong></span> <span class='ocrx_word' id='word_1_414' title='bbox 964 4584 1035 4635; x_wconf 89' lang='lat' dir='ltr'><strong>Addo</strong></span> <span class='ocrx_word' id='word_1_415' title='bbox 1049 4583 1120 4635; x_wconf 87' lang='lat' dir='ltr'><strong>lliod.</strong></span> <span class='ocrx_word' id='word_1_416' title='bbox 1140 4584 1188 4634; x_wconf 81' lang='lat' dir='ltr'><strong>Sic.</strong></span> <span class='ocrx_word' id='word_1_417' title='bbox 1205 4585 1283 4636; x_wconf 75' lang='lat' dir='ltr'><strong>xvtt.</strong></span> <span class='ocrx_word' id='word_1_418' title='bbox 1300 4582 1341 4636; x_wconf 83' lang='lat'><strong>65.</strong></span> 
     </span>
    </p>
   </div>
   <div class='ocr_carea' id='block_1_7' title="bbox 0 0 1654 5600">
    <p class='ocr_par' dir='ltr' id='par_1_8' title="bbox 0 0 1654 5600">
     <span class='ocr_line' id='line_1_44' title="bbox 0 0 1654 5600; baseline 0 2"><span class='ocrx_word' id='word_1_419' title='bbox 0 0 1654 5600; x_wconf 95' lang='lat' dir='ltr'><strong> </strong></span> 
     </span>
    </p>
   </div>
  </div>
 </body>
</html>
