3300 5600
852 589 897 652 80

331 788 333 793 ·
353 765 401 831 De
420 765 532 831 eorvis
554 762 622 828 riae
641 759 777 827 ducibus
796 771 966 826 narrarunt
984 761 1099 841 ceteri,
1122 781 1204 848 quos
1225 761 1369 828 laudatos
1392 765 1463 829 ri·-

309 871 384 938 dear
400 868 440 935 ad
455 869 595 937 Aristob.
616 870 742 955 Fragm.
763 868 825 948 xl;
848 867 891 951 da
907 866 1112 932 draconibus
1127 889 1210 933 unus
1227 870 1451 949 Ptolemaeus.

308 978 496 1054 Attianum,
516 995 575 1040 nec
591 995 666 1038 vero
683 974 901 1039 Ptolemaeum
918 973 1040 1059 ipsum,
1063 984 1102 1039 ut
1119 975 1284 1041 contendit
1303 975 1441 1065 Geierus

308 1107 343 1170 p.
365 1087 426 1162 74,
447 1081 608 1146 consuluit
627 1079 749 1146 Auctor
766 1080 890 1145 Itincr.
908 1077 1007 1145 Ales.
1025 1080 1060 1147 L.
1094 1080 1185 1162 Quae
1203 1081 1289 1146 enim
1309 1082 1437 1148 scribit:

312 1189 423 1254 «Duos
443 1208 553 1252 corros
577 1185 769 1251 draconesre
790 1185 933 1271 praevios
958 1185 1050 1250 ivisse
1066 1185 1156 1251 aiunt
1175 1188 1318 1251 inimici
1331 1187 1436 1275 sobro-

311 1294 470 1374 larona»,
500 1292 539 1356 iis
560 1294 631 1379 quis
655 1304 720 1357 tam
739 1313 854 1356 coecus
875 1303 922 1356 est
940 1293 1020 1378 quin
1039 1292 1172 1376 exprimi
1192 1290 1298 1356 rideat
1315 1294 1435 1360 Arriani

310 1401 435 1479 locum,
458 1401 675 1464 Ptolemaeum
696 1410 728 1462 et
742 1398 962 1463 Aristobulum
980 1396 1163 1463 laudantis?
1185 1398 1251 1462 Nec
1272 1401 1373 1485 magis
1392 1423 1435 1464 as·
1467 1446 1470 1453 .

310 1508 429 1572 sentior
452 1507 589 1584 Geiero,
610 1504 669 1569 ubi
683 1515 781 1583 totam
801 1503 842 1568 da
864 1502 1056 1581 draconibus
1076 1504 1351 1569 narratiunculam
1369 1508 1436 1593 piae

310 1613 482 1678 Ptolemaei
502 1610 609 1677 fraudi
629 1610 761 1689 tribuit,
789 1610 937 1686 Ammoni
964 1608 1032 1673 Deo
1056 1609 1194 1674 vicissim
1216 1611 1436 1698 gratificantis,

309 1719 431 1806 quippe
459 1716 552 1801 cujus
580 1728 670 1787 nutu¹
686 1704 818 1783 Rhodiis
842 1727 915 1781 ante
937 1728 1122 1781 concessum
1148 1727 1246 1796 esset,
1262 1727 1311 1782 =ut
1337 1718 1437 1784 Ptole·

308 1845 437 1901 meeum
451 1822 602 1910 Σωτῆρα
627 1822 939 1889 divinis-honoribus
968 1818 1121 1889 colerent.
1153 1822 1201 1888 (ll.
1226 1840 1258 1908 p.
1280 1827 1335 1891 15.
1351 1823 1438 1907 Quae

312 1908 532 2014 interpretatio
556 1929 674 1993 mirum
693 1940 855 2015 quantum.
876 1928 984 2017 friget.
1018 1928 1116 2010 Quasi
1141 1928 1226 1993 enim
1250 1927 1436 1995 draconibus

311 2034 500 2100 inducendis
525 2035 726 2101 Ptolemaeus
754 2035 869 2100 melius
898 2033 938 2098 de
963 2035 1320 2116 Ammone'meruisset,
1347 2044 1437 2125 quim

311 2142 414 2208 corvis
432 2141 637 2207 Aristobulus
658 2154 690 2206 et
711 2141 931 2207 Callisthenes.
966 2141 1210 2227 Utrumcnnque
1231 2142 1350 2222 mavis,
1371 2162 1437 2207 eor·

311 2269 366 2313 vos
391 2271 432 2313 au
456 2229 757 2328 aucmentando
774 2258 938 2328 narratur,
962 2268 1058 2334 quam
1079 2246 1191 2312 dubito
1214 2269 1255 2310 an
1276 2249 1334 2334 qui
1352 2256 1436 2313 natu·

312 2354 373 2418 rali
402 2375 420 2416 e
447 2376 543 2420 causa
570 2364 720 2438 repetunt
751 2364 839 2418 recte
866 2352 1045 2440 expediant.
1079 2353 1157 2419 Mihi
1179 2354 1436 2420 Westermannns

314 2459 494 2525 comment.
515 2460 554 2524 de
574 2458 736 2525 Colliatb.
760 2459 803 2526 ll.
825 2461 844 2522 2
868 2482 900 2545 p.
920 2463 963 2524 16
983 2482 1043 2532 acu
1067 2477 1136 2525 rem‘
1155 2469 1285 2545 tangere
1306 2461 1436 2541 videtur,

313 2564 443 2652 quando
462 2579 677 2632 commentum
700 2588 766 2629 esse
787 2573 878 2652 putat
905 2577 960 2631 aut
978 2568 1076 2653 ipsius
1097 2566 1270 2632 Alexandri
1289 2580 1347 2633 aut
1365 2567 1436 2633 adu·

312 2670 449 2736 latorum
470 2673 537 2756 ejus
562 2684 593 2737 et
613 2675 800 2739 amicorum.
839 2674 1009 2760 «Quippe,
1032 2676 1095 2765 ait,
1117 2677 1210 2739 tantis
1232 2675 1265 2737 in
1291 2673 1437 2761 periculis

299 2777 487 2865 ‚plurimum
506 2781 659 2845 intererat
669 2778 856 2860 Alexandri,
875 2792 910 2846 ut
929 2803 1075 2868 praesens
1088 2778 1308 2847 essedivinum
1326 2802 1439 2847 numen

311 2885 427 2950 milites
447 2886 635 2965 crederent,
668 2909 706 2951 ac
726 2888 772 2951 sic
800 2886 928 2952 demum
954 2899 985 2953 et
1009 2909 1059 2967 res
1082 2888 1149 2952 eius
1168 2889 1318 2958 maiorem
1340 2889 1441 2975 splen·

312 2989 421 3056 dorem
439 2991 475 3056 et
487 2993 705 3058 oracula'mox
724 2992 845 3059 edenda
857 2995 1008 3059 maiorem
1025 2991 1111 3079 apud
1131 2994 1275 3059 homines
1295 2993 1440 3060 credulos

313 3096 409 3162 fidem
436 3098 626 3164 videbantur
653 3122 720 3164 esse
740 3099 899 3167 habitura.
931 3099 1026 3183 Quod
1048 3112 1121 3165 utut
1141 3113 1226 3183 erat,
1257 3119 1368 3168 rumor
1389 3100 1442 3167 ad·

313 3201 418 3283 flavit,
437 3206 568 3291 serpsit,
591 3195 731 3270 volitabit
759 3228 816 3292 per
850 3229 904 3271 ora
925 3207 1080 3287 militum3
1109 3229 1201 3272 nemo
1220 3207 1361 3289 viderat,
1391 3205 1444 3273 sed

314 3308 519 3374 crediderunt
538 3333 662 3390 omnes,
683 3311 836 3398 brevique
859 3313 1005 3378 miraculi
1025 3325 1240 3378 commentum
1265 3317 1393 3400 penitus
1412 3315 1445 3378 in

311 3416 431 3481 animos
454 3438 522 3481 sese
550 3417 738 3497 insinuarit,
772 3418 852 3483 adeo
877 3430 912 3483 ut
941 3442 980 3484 ne
1003 3420 1225 3506 prudentiores
1252 3419 1385 3507 quidem
1405 3419 1446 3485 de

311 3512 357 3586 rei
373 3522 505 3587 veritate
522 3523 723 3605 dubitarent;
743 3547 926 3612 quanquam
946 3526 1100 3614 quosdam
1121 3528 1264 3611 suspicor
1287 3526 1385 3591 fidem
1402 3528 1446 3591 si·

310 3628 463 3709 mulasse,
492 3653 531 3695 ne
566 3630 645 3717 quid
672 3630 712 3694 de
741 3618 910 3716 splendore
934 3634 1092 3698 laetorum
1125 3632 1298 3699 Alexandri
1321 3617 1447 3698 temere

312 3734 478 3799 detrahere
499 3736 580 3800 velle
596 3737 817 3806 viderentur.»
851 3740 944 3821 Quod
963 3740 1031 3807 Viri
1048 3740 1155 3806 Celeh.
1169 3739 1328 3821 judicium
1346 3762 1448 3826 quam

312 3862 421 3906 verum
441 3843 498 3922 sit,
520 3845 623 3928 palam
644 3854 690 3907 est
706 3866 743 3907 ex
760 3828 821 3909 hoc
841 3846 985 3910 Philotae
996 3845 1147 3927 dicterio,
1167 3846 1253 3932 quod
1266 3845 1352 3933 apud
1365 3847 1447 3912 Plu-

313 3948 458 4013 tarchum
475 3950 603 4035 legitur¹
614 3950 710 4015 Orat.
729 3949 768 4014 dc
782 3951 881 4017 Alco.
898 3953 972 4018 11.7
990 3975 999 4016 ι
1023 3950 1099 4018 Ποῦ
1120 3941 1305 4034 ibriones,
1322 3951 1392 4019 ποῦ
1408 3949 1449 4017 dd

312 4050 345 4116 οἱ
366 4042 552 4140 δράκοντες,
575 4045 613 4119 bv
633 4045 726 4143 ἡμεῖς
746 4048 791 4146 μή
812 4054 978 4142 dibussem

745 4272 747 4281 ’
831 4299 921 4369 vnr.

355 4490 477 4556 Arrian.
508 4490 568 4559 ΙΙΙ.
591 4491 624 4557 4.
649 4494 680 4557 5.
707 4478 861 4563 Ἀκούσας
889 4481 1123 4577 (Ἀλέξανδρος)
1150 4479 1212 4556 ὅσα
1239 4480 1329 4573 αὐτῷ
1356 4480 1449 4575 πρὸς

312 4592 423 4679 θυμθῦ
443 4582 494 4681 it,
517 4583 563 4670 ὥς
585 4588 704 4679 ditm,
732 4584 898 4672 dictato
912 4584 972 4662 ἐπ’
991 4583 1174 4679 Aminaeo,
1202 4585 1248 4670 ὥς
1276 4592 1334 4674 μὲν
1356 4584 1446 4681 Ἀρι-
