3300 5600
778 593 821 655 69

265 760 409 852 σόδοολον,
432 754 583 853 Χάρητα,
612 760 818 851 Χαρίδημον,
847 753 1014 844 Διότιμον,
1044 763 1249 855 Πατροκλέα,
1280 766 1371 838 Κάρ.

265 878 384 964 σονδρον.
414 875 535 941 Decem
554 873 734 959 pollicitus,
754 872 852 938 donat
871 872 1034 940 undecim.
1069 875 1133 941 Sed
1159 878 1235 943 vitio
1260 893 1371 964 aperte

264 990 382 1055 laborant
396 999 555 1075 postrema
574 1009 582 1050 τ
601 1008 675 1054 nanr
693 988 754 1052 nisi
772 1009 831 1074 pro
845 982 1038 1073 Πατροκλέα
1055 1009 1130 1053 curn
1147 989 1322 1055 Plutarcho
1339 1004 1371 1056 et

263 1101 370 1167 lrriano
389 1099 563 1188 legendum
581 1110 628 1162 est
650 1094 856 1186 Μοιροκλέα,
879 1095 914 1159 in
934 1084 1148 1186 Κάσσανδρον
1169 1108 1290 1181 tamen,
1310 1123 1368 1169 eu.

260 1207 296 1292 jus
311 1207 440 1273 nominis
467 1207 635 1271 Oratorem
659 1203 803 1270 Athenae
825 1202 1034 1289 ignorarunt,
1062 1184 1214 1270 mendum
1237 1205 1371 1273 haerere

262 1326 383 1401 apparet,
407 1311 496 1400 quod
514 1312 560 1376 sic
588 1311 717 1375 sustulit
743 1308 973 1387 Ruhnkenius,
1001 1319 1038 1374 ut
1051 1292 1219 1377 ‘scriberet
1238 1334 1246 1375 :
1265 1305 1371 1388 οὕτως

261 1407 483 1506 Ἀριστόβουλος
505 1408 524 1483 ό
545 1403 790 1503 Κασσανδρεός.
816 1417 927 1491 (illaec
948 1414 1133 1499 conjectura
1155 1414 1303 1507 (monet),
1322 1419 1372 1483 la·

262 1532 310 1589 teor
330 1524 429 1603 enim,
458 1521 610 1587 audacior
631 1520 733 1585 rideri
753 1523 864 1607 possit.
900 1521 963 1586 Sed
988 1543 1114 1588 omnem
1137 1522 1372 1589 dubitationem

261 1631 344 1696 eximit
360 1616 599 1729 Plutarebusl.
620 1652 650 1696 c.
657 1629 761 1716 ,ηοί,
780 1629 837 1694 ubi
856 1628 990 1694 eandem
1007 1651 1075 1695 rem
1093 1641 1266 1709 narrasset,
1291 1630 1371 1693 sub-

258 1733 371 1824 jungit:
399 1725 503 1799 ταῦτα
529 1729 587 1816 μὲν
615 1720 669 1797 οὖν
696 1725 830 1822 Ἀριστ.Ι
847 1722 864 1798 ὁ
890 1739 996 1798 Κασσ.
1018 1723 1202 1822 ἱστόρηκε.»
1236 1736 1289 1800 Sic
1313 1735 1371 1804 Vir

259 1841 341 1910 bteh.
345 1861 475 1929 ‚quum
487 1838 584 1925 paulo
600 1848 673 1902 ante
685 1849 771 1902 recte
792 1839 941 1904 vetuisset
959 1836 1107 1918 Suidam,
1126 1840 1204 1907 alios
1221 1812 1370 1909 auctores

257 1960 398 2030 erutum,
415 1945 456 2011 ad
480 1943 645 2010 Plutarchi
663 1944 836 2036 lectionem
869 1944 1073 2011 conformari.
1106 1946 1148 2012 At
1172 1947 1244 2015 vide
1267 1971 1370 2037 quan·

258 2063 308 2125 lum
325 2051 533 2127 ,dubitationis
556 2050 680 2135 injiciat
704 2049 909 2117 Plutarchus.
953 2049 1105 2116 Diversus
1134 2075 1306 2135 numerus,
1321 2053 1371 2121 di·

258 2180 325 2228 rersa
341 2143 497 2225 nomina.
539 2157 628 2222 Nihil
659 2158 759 2244 igitur
795 2155 913 2223 Suidac
953 2178 1027 2221 cum
1061 2158 1255 2240 Plutarcho,
1291 2160 1373 2236 nihil

258 2267 329 2335 etiam
347 2289 423 2333 cunr
441 2264 626 2331 Aristobulo
652 2285 837 2342 commune,
858 2265 923 2327 sive
945 2261 1033 2327 hune
1052 2264 1226 2332 Plutarcho
1249 2267 1371 2333 fontem

258 2371 332 2440 bisse
351 2392 499 2451 censeas,
529 2393 606 2451 seu,
635 2369 724 2458 quod
747 2369 924 2457 credibile,
946 2370 1093 2438 Arriano.
1126 2372 1245 2439 Suidae
1263 2373 1379 2451 locus,

257 2474 301 2545 bac
316 2492 474 2567 postrema
499 2489 608 2563 parte,
631 2499 696 2542 una
720 2476 838 2562 Toupii
854 2475 979 2541 medela
997 2490 1138 2547 sanatur.
1174 2480 1221 2546 De
1241 2480 1374 2565 Antipa-

257 2592 292 2649 tro
307 2586 382 2652 Iolai
403 2578 428 2650 f.
456 2583 601 2663 locutus,
625 2581 738 2648 Suidas
765 2603 847 2647 novo
879 2584 984 2668 capite
1002 2605 1032 2651 v.
1055 2573 1269 2673 Ἀντίπατρος
1284 2590 1375 2651 Κασ-

258 2679 391 2779 σάνδρου,
414 2688 455 2754 de
476 2689 577 2754 altero
596 2689 766 2774 Antipatro
789 2687 889 2767 dixit,
918 2687 1082 2755 Cassandri
1108 2690 1145 2769 λ,
1170 2714 1189 2757 a
1209 2689 1372 2757 Demetrio

257 2810 361 2880 toeat03
386 2797 452 2877 rel,
475 2794 564 2883 quod
580 2796 688 2881 potius
710 2793 789 2859 mihi
806 2793 952 2876 ridetur,
967 2818 1008 2860 ne
1028 2796 1178 2862 lacunam
1195 2796 1372 2884 fingamus,

256 2894 466 2972 bouealterum
476 2901 682 2988 Antipatrum
693 2902 879 2967 memorarit
890 2914 1025 2984 tanturn,
1042 2914 1079 2968 ut
1087 2906 1212 2989 saepius
1223 2903 1258 2967 in
1270 2902 1374 2967 nomi-

256 3006 328 3078 nibus
343 2993 439 3099 agere
450 3010 541 3077 solet.
566 3010 666 3089 Hinc,
688 3010 802 3074 omissa
818 3009 961 3075 ascribis
974 3029 1052 3090 voce
1067 3000 1293 3097 Ἀντίπατρος,
1313 3029 1373 3072 rox

254 3107 448 3206 Κασσάνδρου
469 3117 505 3180 ln
523 3104 737 3202 Κάσσανδρον
758 3125 881 3185 mutata
904 3116 1076 3182 Oratorum
1098 3114 1281 3180 nominibus
1298 3112 1374 3180 'addi

254 3207 351 3307 roe'pit.

285 3326 429 3409 Interim,
458 3327 546 3416 quod
566 3349 631 3392 non
650 3328 774 3392 monuit
799 3328 1032 3410 Ruhnkenius,
1052 3349 1183 3395 monere
1201 3339 1308 3394 tamon
1331 3328 1373 3394 ab

252 3422 365 3506 hieron
383 3436 526 3504 alienum
544 3446 642 3522 puto,
661 3444 747 3500 totus
766 3435 885 3502 Suidae
901 3436 1012 3515 loeus,
1033 3436 1182 3502 restituta
1203 3437 1299 3506 etiam
1318 3456 1373 3504 er·

252 3540 334 3611 trema
351 3554 461 3631 parto,
483 3543 614 3629 egregie
631 3540 820 3627 depravatus
847 3554 911 3624 est3
935 3564 1019 3629 quae
1037 3563 1106 3623 res,
1127 3553 1255 3627 praeter
1275 3542 1372 3621 alins,

249 3637 345 3716 fefellit
364 3651 462 3718 etiam
479 3646 708 3715 Wachsmuth.
723 3648 815 3716 Hett.
832 3646 930 3715 Alth.
942 3672 976 3736 p.
997 3651 1063 3716 679
1083 3670 1155 3716 nov.
1175 3649 1252 3717 edit.
1277 3647 1373 3714 Ordi-

249 3754 290 3820 ¹tl'r
301 3756 385 3824 enim
400 3754 515 3826 Suidas
527 3754 590 3820 hnc
603 3752 717 3818 modo:
730 3741 882 3833 οὗτος,’
865 3775 938 3820 επεν
929 3746 1167 3834 διεδέξατο
1128 3776 1185 3841 την
1199 3744 1297 3841 οἷρχην
1310 3751 1375 3817 τοῖν

247 3851 445 3956 Μακεδόνων,
459 3848 734 3947 ἐπολιορκηθη
694 3880 752 3939 μεν
763 3854 796 3922 ἐν
807 3854 925 3943 Λαμιᾳ
935 3879 993 3945 της
1004 3846 1225 3934 Θεσσαλίας
1203 3879 1251 3944 οφ
1256 3844 1374 3943 ultr}

245 3987 319 4038 tarr·
333 3962 609 4099 ἀναχωρησάντων
624 3968 662 4040 δε
673 3994 738 4036 των
751 3965 923 4051 Αίτωλων,
939 3960 1073 4038 εἶτα
1025 3992 1090 4036 των
1112 3959 1232 4056 litter,
1249 3955 1374 4053 ἐσώθη.
1407 4041 1409 4048 y

243 4072 471 4173 Nosq'eocdlff
449 4073 602 4170 ητειτοός
613 4068 1103 4169 δέκαρητορας,οόςὲξέδοσον’
1097 4080 1275 4167 Αθηναῖοι.
1283 4078 1375 4144 Sub-

243 4200 379 4286 sequitur
397 4198 570 4263 Oratorem
588 4195 745 4262 recensio.
761 4193 822 4259 Illa
844 4205 951 4268 autem
970 4215 1075 4259 nonne
1091 4194 1167 4257 luce
1184 4193 1302 4257 clarius
1320 4200 1368 4256 est

243 4305 273 4371 le
293 4301 499 4391 temporibus
527 4303 592 4368 diei
622 4313 693 4388 post
720 4300 960 4380 Alexandrum,
984 4321 1086 4386 quum
1105 4298 1255 4363 Pharsalo
1268 4308 1372 4425 capta

243 4415 401 4500 lntipater
420 4410 665 4493 Atheniensibus
683 4408 880 4473 obsidionem
899 4407 1091 4484 minaretur,
1110 4397 1143 4467 ad
1158 4427 1202 4498 μη
1219 4393 1296 4475 roda
1312 4426 1371 4490 ρη

243 4539 332 4608 ορας
359 4514 528 4603 ἐκδοίησαν
552 4515 619 4607 (V
604 4528 660 4582 stt
689 4512 726 4579 X
750 4514 863 4581 Orott
890 4513 941 4581 ed.
964 4513 1140 4580 Westerm.
1163 4532 1196 4595 p.
1226 4504 1311 4595 tt),
1339 4518 1400 4571 ct·

244 4634 366 4711 coepto
398 4623 508 4691 nuntio
537 4622 747 4689 Demochares
779 4621 885 4710 gladio
910 4620 1096 4688 succinctus
1124 4617 1369 4686 concionaretur
