3300 5600
783 591 845 651 163

275 753 409 842 ἕγναμλων
435 764 468 825 iu
497 763 676 847 fragmento
704 760 845 853 §heretis
867 759 1230 844 caementariique
1250 758 1373 823 Aeliani

273 863 374 931 silentio
398 866 658 945 commendatur,
689 868 744 953 qui
773 866 810 931 V
810 919 815 929 .
841 867 883 931 H.
909 866 949 936 ll.
979 868 1043 929 41:
1075 853 1216 948 Ἀγῶνα,
1248 866 1371 950 inquit.

271 973 401 1058 μοοοαῖγς
420 971 475 1035 καὶ
497 964 640 1036 tauram
659 968 713 1034 καὶ
734 962 887 1056 ἀθλητῶν
908 969 1049 1058 διέθηκε.
1068 968 1161 1055 Apud
1177 968 1373 1034 Athenaeum

271 1072 360 1138 utinm
377 1075 463 1140 haud
483 1076 581 1140 dubie
599 1074 676 1138 latet
692 1075 725 1138 in
736 1095 814 1138 voce
833 1071 1009 1158 ἐγκωμίων,
1029 1075 1116 1160 quod
1128 1097 1168 1139 ne
1182 1078 1228 1142 sie
1243 1077 1372 1163 quidem

269 1181 414 1245 commode
433 1182 574 1259 sanabis,
595 1181 621 1244 si
641 1184 748 1261 κῶμον
762 1180 905 1265 cogitans
926 1167 1079 1262 ἐγκώμιον
1092 1182 1371 1265 rescribijusseris.

268 1282 449 1352 Probabilius
469 1291 604 1369 fortasse
617 1276 770 1373 ἐγχώρων
788 1285 954 1362 restitues,
973 1284 1058 1370 quod
1076 1288 1373 1370 vocabulumetiam

265 1385 395 1477 dispicias
406 1372 500 1460 velim
511 1418 550 1459 au
560 1443 569 1473 ,
581 1401 702 1457 mutata
714 1388 806 1468 sede,
825 1391 943 1454 referas
955 1390 993 1454 ad
1005 1387 1244 1477 ἀκρατοποσίας
1251 1386 1374 1478 οἷγῶνα,

264 1493 298 1560 ita
321 1511 355 1563 ut
381 1511 537 1585 expuncta
564 1498 678 1566 vocula
704 1493 776 1577 καὶ,
800 1518 883 1583 quae
904 1497 1014 1583 utique
1037 1494 1177 1561 abundat
1189 1547 1201 1575 ,
1214 1501 1375 1584 scripserit

262 1607 378 1677 Chares:
395 1605 512 1699 Ἔθηκε
534 1611 571 1679 δὲ
589 1609 644 1675 καὶ
664 1600 719 1673 om
739 1601 795 1694 τὴν
815 1607 977 1696 φιλοινίαν
995 1608 1057 1670 τῶν
1075 1597 1172 1677 Ἰνδῶν
1185 1602 1375 1699 ἐγχώριον

262 1704 487 1802 ἀκρατοποσίας
515 1709 629 1801 ἀγῶνα.
660 1712 766 1778 Caleni
795 1714 977 1776 memoriam
1008 1713 1102 1800 digne
1131 1714 1371 1796 celebraturus,

261 1817 426 1886 Alexander
455 1821 494 1885 de
525 1842 613 1884 more
641 1841 697 1882 suo
723 1815 823 1880 edidit
849 1810 995 1900 γυμνικόν
1015 1809 1121 1902 οἷγιῦνα
1142 1815 1194 1881 καὶ
1214 1813 1373 1901 μουσικόν.

260 1923 294 1988 At
309 1938 391 1991 totus
409 1928 465 1990 ille
487 1927 593 1993 Gelani
614 1926 714 1988 exitus
735 1934 771 1986 ut
792 1925 908 1986 festum
927 1933 994 1985 erat
1009 1944 1082 2011 aere
1100 1924 1263 2003 lodicum,
1281 1926 1324 1989 ita
1342 1931 1372 1988 in

259 2028 400 2098 ludorum
438 2035 572 2120 gratiam
604 2031 703 2116 inque
731 2029 883 2112 majorem
913 2029 1084 2104 feriarum,
1117 2051 1194 2114 quas
1219 2031 1373 2115 agebant,

259 2139 449 2223 splendorem
469 2160 585 2204 novum
595 2135 725 2223 quidem
737 2132 979 2212 Macedonibus,
1000 2134 1053 2196 sed
1063 2133 1126 2197 illis
1138 2136 1373 2201 usitatissimum

258 2243 384 2310 instituit
402 2236 645 2332 οἷκρατοποσίας
663 2252 845 2318 certamen,
864 2241 923 2324 ipsi
940 2241 1047 2307 Calani
1069 2241 1221 2304 voluntati
1243 2242 1374 2307 obsecu-

258 2360 320 2431 tus,
351 2363 389 2417 ut
414 2351 469 2437 qui
486 2347 671 2413 Macedones
689 2347 895 2423 invitaverat,
917 2343 971 2433 τήν
991 2339 1113 2432 ἡμέραν
1134 2341 1253 2432 ἐκείνην
1272 2339 1376 2433 ἡδέως

255 2452 414 2538 γενέσθαι,
436 2451 490 2518 καὶ
510 2451 721 2538 μεθυσθῆναι
741 2446 825 2532 μετα
845 2448 906 2515 τοῦ
925 2445 1093 2531 βασιλέως.
1123 2449 1194 2543 Vid.
1210 2450 1373 2517 Plutarch.

254 2559 271 2624 l.
297 2561 317 2627 l.
340 2559 446 2624 LXIX.
477 2559 543 2622 Nec
566 2556 702 2641 denegat
721 2577 809 2619 meae
827 2553 1029 2637 conjecturae
1049 2558 1262 2642 patrocinium
1281 2580 1375 2622 suum

251 2667 413 2744 Aelianus,
438 2686 539 2750 quum
560 2664 582 2727 l.
603 2660 626 2726 l.
647 2662 693 2724 sic
709 2673 845 2746 pergat:
866 2650 1089 2748 Χαριζὸμανος
1110 2659 1147 2726 δὲ
1167 2663 1237 2735 τοῖς
1256 2652 1374 2740 Ἰνδοῖς,

248 2778 300 2845 καί
320 2802 352 2843 τι
373 2767 585 2866 ἐπιχώριον
607 2763 711 2840 αὐτῶν
730 2763 939 2860 οἷγολνισμα
965 2769 1013 2847 εἰς
1033 2764 1125 2860 τιμήν
1146 2771 1212 2838 coai-
1226 2768 1375 2839 Καλάνου

247 2888 532 2978 σογκατηρλθμησε
557 2892 626 2962 τοῖς
654 2876 771 2961 ἄθλοις
796 2889 867 2959 τοῖς
892 2882 1149 2973 προειρημένοις.
1181 2885 1258 2950 Nam
1288 2890 1373 2973 quod

245 2991 459 3090 ἐπιχώριον
477 2990 643 3084 οἷγώνισμα
660 2998 755 3077 dicit,
777 3021 840 3064 uon
861 2988 1022 3085 ἐγχώριον,
1047 2998 1078 3061 id
1101 2998 1230 3085 quidem
1248 3001 1281 3063 in
1301 3024 1373 3087 pro-

245 3109 368 3172 miscuo
388 3106 501 3171 horum
521 3106 690 3170 verborum
710 3126 770 3168 usu
787 3106 946 3169 nemiuem
963 3103 1113 3169 offendet.
1134 3106 1186 3170 Sic
1196 3128 1225 3171 v.
1237 3129 1266 3173 c.
1280 3108 1374 3194 Aegi-

244 3226 393 3277 netarum
420 3215 542 3276 Heraea
572 3210 741 3297 designans
771 3209 1056 3296 PindarusPyth.
1085 3212 1173 3282 Vlll.
1202 3214 1247 3277 80
1271 3204 1376 3299 eiyoivn

243 3306 476 3404 ἐπιχώριον,
509 3330 620 3382 contra
648 3317 805 3382 Doloncos
834 3328 963 3395 notans,
994 3318 1141 3382 vestitum
1168 3329 1325 3406 gestantes
1343 3321 1373 3381 in

243 3423 306 3487 hac
331 3434 424 3509 geute
454 3446 515 3488 nou
547 3425 712 3500 usitatum,
739 3418 864 3507 ἐσθῆτα
886 3411 943 3485 οὐκ
964 3418 1171 3509 ἐγχωρίην
1193 3424 1374 3489 Herodotus

244 3530 374 3614 scripsit
392 3529 444 3597 Vl.
467 3534 522 3596 35.
619 3534 621 3538 ’

289 3644 437 3710 Ceterum
461 3644 502 3707 de
527 3646 691 3729 praemiis,
714 3642 888 3706 victoribus
905 3641 1103 3719 constitutis,
1127 3645 1273 3708 convenit
1291 3647 1375 3709 inter

243 3750 443 3815 Athenaeum
464 3762 494 3815 et
514 3751 699 3827 Aelianum,
718 3770 856 3836 quorum
879 3748 903 3809 si
927 3747 974 3809 vel
993 3746 1183 3813 alterutrum
1192 3751 1375 3836 inspexisset

244 3856 412 3936 Reiskius,
442 3856 527 3943 apud
556 3856 763 3922 Plutarchum
788 3853 956 3919 Promachi
976 3855 1151 3938 praemium
1168 3854 1206 3918 ad
1226 3868 1375 3922 trecento

244 3964 365 4027 talenta
389 3966 502 4050 augeri
530 3986 593 4028 nou
610 3965 765 4047 jussisset.
790 3960 936 4041 Coniecit
957 3961 1041 4023 euim
1064 3961 1267 4026 scribendum
1285 3985 1372 4028 esse:

243 4060 289 4132 τὸ
316 4058 507 4155 νικητήριον,
535 4064 695 4154 στέφανον
719 4059 744 4131 τ’
766 4054 978 4146 ταλάντων,
1000 4088 1102 4152 quum
1126 4068 1275 4132 ederetur
1292 4091 1375 4159 νικη-

244 4161 357 4258 τήριον
383 4170 544 4261 στέφανον
574 4160 777 4251 τάλαντον,
800 4171 835 4232 in
855 4171 972 4254 quibus
990 4184 1112 4238 tantum
1129 4174 1301 4238 articulum
1320 4166 1376 4237 τὸν

245 4285 320 4339 aute
349 4266 525 4365 νικητήριον
554 4275 726 4340 desiderari
747 4277 871 4365 censuit
890 4277 1042 4343 Plehnius
1065 4279 1215 4346 Lesbiae.
1238 4302 1270 4366 p.
1295 4281 1373 4344 210.

246 4380 384 4449 Videtur
406 4403 478 4445 vero
497 4405 514 4446 e
533 4383 705 4448 Plutarcho
726 4382 907 4447 Athenaeus
925 4386 1162 4471 corrigendus,¹
1177 4387 1230 4450 cui
1254 4381 1375 4471 primus

245 4486 566 4572 Schweighaeuserus
591 4513 628 4555 ex
659 4490 813 4570 ambobus
834 4493 897 4554 suis
920 4491 1085 4558 codicibus
1107 4494 1262 4573 reddidit,
1292 4513 1375 4578 quae

246 4615 264 4654 a
285 4592 397 4656 ceteris
421 4593 572 4674 aberant,
596 4599 674 4661 haec
695 4607 767 4660 octo
793 4596 885 4659 verba
909 4619 916 4658 :
940 4595 991 4659 uel
1013 4591 1051 4661 τὸ
1072 4589 1225 4663 τάλαντον
1247 4593 1373 4678 ἐλαβεν,

1212 4700 1258 4750 ll*
