3300 5600
804 528 846 589 88

257 702 461 772 Pharnucbos
487 725 561 766 vero
589 713 620 766 et
639 700 825 765 Macedones
848 701 985 765 insecuti
1009 710 1135 786 praeter
1156 699 1335 784 opinionem
1393 714 1417 777 j,

256 809 412 877 Nomadas
427 808 561 896 Scythas
577 805 773 874 inciderunt.
805 807 953 889 Quorum
971 806 1091 871 auxilio
1104 805 1212 895 ¹fretus
1232 803 1417 890 epium.

256 935 331 997 nes,
359 915 528 1000 assumptis
554 913 716 999 equitibus
745 912 872 998 Scythis
894 913 1023 978 circiter
1048 910 1223 990 sexcentis,
1246 910 1406 995 peditum

255 1021 465 1089 Macedonum
493 1019 684 1106 phalangem
711 1019 782 1083 loco
802 1017 899 1103 plano
920 1017 962 1083 ad
980 1017 1165 1105 Scythicam
1186 1014 1396 1095 solitudinem

257 1127 527 1215 circumequitans
553 1125 675 1212 sagittis
708 1125 849 1192 incessit.
882 1121 1089 1203 Macedones,
1117 1122 1243 1209 aliquot
1260 1143 1387 1188 suorum

256 1232 395 1314 amissis,
418 1230 459 1296 ad
480 1232 706 1319 Polytimetum
732 1229 778 1309 fl.,
807 1231 860 1294 cui
888 1231 993 1295 vicina
1022 1240 1091 1293 erat
1117 1228 1223 1316 sylva,
1252 1248 1284 1292 se
1305 1229 1381 1292 reci·

256 1342 367 1429 piunt3
392 1336 447 1402 sed
471 1359 543 1403 mox
572 1336 694 1402 ducum
716 1337 853 1401 maxime
879 1357 986 1401 errore
1008 1334 1192 1400 conturbati
1216 1333 1376 1419 multisque

257 1443 499 1511 difficultatibus
521 1442 749 1523 circumventi,
766 1443 800 1506 in
812 1442 950 1507 insulam
966 1440 1127 1530 quandam
1142 1442 1181 1505 in
1201 1439 1373 1527 Polytimeto

256 1555 350 1618 sitam
370 1551 577 1636 confugiunt,
602 1548 659 1612 ubi
680 1571 699 1612 a
718 1548 844 1636 Scythis
866 1548 1051 1614 circumfusi
1070 1549 1137 1612 fere
1157 1568 1265 1612 omnes
1282 1542 1372 1623 ,truci-

257 1640 384 1724 dantud.
415 1658 486 1721 Huc
506 1654 590 1719 redit
614 1653 741 1720 Arriani
770 1655 930 1732 narratio,
958 1655 1058 1740 petita
1084 1655 1218 1719 fortasse
1245 1648 1371 1716 ePtole·
1404 1734 1408 1743 Ι

256 1785 366 1840 maso,
387 1763 440 1827 cui
459 1759 660 1850 supplendae·
672 1773 705 1825 et
722 1761 931 1832 illustrandae
949 1761 1156 1848 subjungitur
1177 1762 1371 1847 fragmentum

256 1868 447 1936 Aristobuli.
467 1848 598 1933 ⁴Omnia
619 1866 681 1931 alia
708 1865 769 1932 bac
801 1866 843 1931 de
864 1890 898 1932 re
918 1868 1045 1933 Curtius
1069 1867 1167 1931 tradit
1188 1867 1262 1935 Vll.
1287 1866 1318 1932 7.
1338 1862 1369 1926 11

256 1996 344 2062 sqq.,
362 1972 423 2038 nisi
447 1971 536 2060 quod
557 1973 718 2038 silvestre
740 1975 811 2038 iter·
831 1986 952 2060 aptum
972 1973 1120 2038 insidiis
1148 1972 1301 2063 tegendis
1319 1989 1372 2035 me-

256 2090 377 2160 morat,
395 2100 496 2167 quare
518 2080 699 2145 Muetaellio
720 2078 839 2145 dicitur
854 2081 976 2146 fontem
992 2091 1121 2146 secutus
1139 2102 1206 2145 csse
1224 2076 1373 2146 Aristobu-

256 2189 346 2269 lum;
364 2207 461 2274 quam
477 2184 641 2266 audacter,
665 2207 759 2250 nemo
775 2208 840 2251 non
863 2187 977 2254 cernit.
1009 2187 1143 2254 Veriora
1159 2184 1272 2251 docuit
1288 2184 1372 2267 limy-

255 2315 351 2359 senus
370 2315 405 2379 p.
424 2294 491 2357 322
513 2314 563 2379 sq.
594 2292 710 2379 Siqua
731 2293 813 2357 forte
833 2293 931 2379 possit
952 2291 1094 2358 dubitari
1111 2333 1152 2347 -
1167 2314 1242 2357 nam
1260 2283 1373 2378 probari

256 2399 291 2464 td
309 2399 437 2465 omnino
464 2419 529 2462 nou
556 2409 660 2484 potest
682 2436 724 2448 —
741 2421 829 2464 num
846 2399 1023 2465 Aristobuli
1043 2398 1265 2463 commentarii
1281 2382 1374 2463 Curtio

256 2504 412 2571 scribenti
430 2502 470 2569 ad
490 2525 620 2568 manum
636 2505 769 2584 fuerint,
790 2504 854 2570 boc
868 2505 981 2570 saltem
998 2506 1071 2570 loco
1089 2504 1228 2590 expressi
1244 2503 1295 2567 vel
1312 2519 1376 2566 con·

256 2611 332 2676 sulti
353 2609 531 2675 Aristobuli
546 2630 587 2675 ne
604 2610 797 2676 levissimum
812 2610 943 2698 quidem
962 2611 1132 2698 vestigium
1153 2619 1298 2697 apparet.
1316 2601 1377 2672 Sil·

256 2729 366 2781 osstro
393 2713 479 2781 istud
505 2716 577 2781 iter
603 2738 668 2782 non
698 2739 821 2799 moror3
849 2719 957 2806 syleae
988 2738 1085 2805 supra
1113 2718 1208 2782 etiam
1237 2714 1376 2781 Arrianus

257 2823 419 2902 meminit,
443 2844 507 2887 non
529 2844 566 2887 ex
592 2822 795 2906 Aristobulo,
821 2825 878 2890 sed
905 2823 1053 2905 aliunde,
1081 2823 1140 2888 nisi
1164 2844 1184 2887 e
1208 2822 1377 2888 Ptolemaeo

256 2929 450 3014 profecerit,
471 2928 559 3014 quod
580 2932 782 3016 praeplacet3
805 2952 918 2996 rerum
935 2932 984 2995 vel
1002 2932 1140 2995 militum
1166 2940 1199 2993 et
1222 2929 1379 2992 missorum

257 3046 290 3099 et
308 3045 506 3099 servatorum
522 3057 693 3116 numerus,
715 3059 812 3124 quem
833 3039 960 3105 Curtius
981 3038 1108 3122 posuit,
1128 3035 1303 3103 Muetaellii
1322 3028 1380 3117 opi·

256 3143 386 3204 niooem
412 3140 579 3205 luculente
607 3143 737 3211 refellit.
780 3145 890 3227 Quum
908 3145 1011 3223 enim,
1038 3164 1075 3207 eo
1100 3154 1232 3208 auctore
1253 3141 1291 3230 (l.
1311 3139 1332 3205 l.
1353 3136 1380 3202 0.

257 3242 342 3332 21),
374 3244 579 3312 Menedemus
609 3271 684 3314 cum
713 3252 802 3315 3000
834 3248 981 3337 peditum
999 3261 1040 3314 ‘et
1067 3250 1134 3314 800
1162 3248 1324 3335 equitibus
1348 3238 1382 3308 sd

256 3353 370 3418 urbem
400 3352 587 3419 Maracanda
622 3358 736 3421 missus
768 3358 882 3437 fuerit,
920 3354 1097 3421 ceciderint
1127 3365 1234 3420 autem
1268 3351 1382 3439 pedites

257 3460 362 3539 2000,
392 3460 516 3545 equites
544 3463 610 3526 300
635 3461 671 3549 (l.
697 3464 720 3531 l.
753 3466 785 3531 7.
813 3466 874 3545 30;
901 3466 934 3530 0.
964 3459 1050 3550 21.),
1078 3461 1119 3526 de
1140 3461 1209 3544 ejus
1234 3457 1405 3541 santonus,

256 3567 334 3630 salsi
354 3564 508 3630 redierint
532 3588 661 3633 necesse
683 3583 730 3636 est
748 3551 871 3655 pedites
899 3573 1002 3651 1000,
1020 3568 1144 3656 equites
1164 3569 1242 3634 500.
1275 3566 1385 3633 Contra

257 3672 341 3758 apud
353 3671 536 3751 Accianum,
552 3674 609 3760 qui
620 3697 683 3740 non
694 3676 802 3761 plures
810 3679 877 3743 860
891 3678 1055 3765 equitibus
1073 3687 1104 3740 et
1122 3676 1209 3740 1500
1227 3671 1385 3760 peditibus

257 3778 416 3863 profectos
446 3778 561 3860 refert,
589 3782 793 3851 Aristobulus
819 3799 932 3852 auctor
961 3796 1027 3864 est,
1060 3785 1184 3871 equites
1202 3793 1329 3846 tantum
1348 3780 1386 3846 40

257 3882 446 3969 peditesque
468 3886 596 3951 circiter
620 3892 685 3954 300
711 3913 729 3955 e
749 3891 841 3957 clade
860 3914 928 3957 esse
944 3903 1094 3958 servatos.
1124 3889 1196 3955 Alia
1215 3910 1265 3952 res
1284 3899 1332 3951 est
1352 3884 1388 3951 de

256 3992 397 4057 ductore
415 3989 538 4077 Itinor.
551 3994 734 4080 LXXXVI,
749 4000 805 4084 qui
828 3999 868 4063 do
886 4019 974 4063 more
994 4020 1051 4063 sua
1070 3997 1205 4063 ,brriano
1221 3994 1388 4080 surripuit.

768 4242 885 4310 XXIV.

302 4438 415 4503 Strabo
435 4439 480 4505 Xl
501 4460 534 4523 p.
560 4437 624 4499 787
653 4435 697 4514 D,
721 4432 842 4501 78811.
870 4425 938 4526 Τὸν,
947 4424 1002 4497 dod
1016 4430 1074 4518 τῆς
1084 4417 1264 4517 ’Σογδιανῆς
1276 4425 1395 4517 ῥέοντα

258 4534 406 4626 ποταμὸν
427 4538 653 4627 moturaque
673 4527 981 4625 Ἀριστόβουλος
1002 4531 1100 4619 λέγει,
1117 4532 1181 4598 τῶν
1192 4522 1396 4599 Μακεδόνων
