<?xml version="1.0" encoding="UTF-8"?>
<!DOCTYPE html PUBLIC "-//W3C//DTD XHTML 1.0 Transitional//EN"
    "http://www.w3.org/TR/xhtml1/DTD/xhtml1-transitional.dtd">
<html xmlns="http://www.w3.org/1999/xhtml" xml:lang="en" lang="en">
 <head>
  <title>
</title>
<meta http-equiv="Content-Type" content="text/html;charset=utf-8" />
  <meta name='ocr-system' content='tesseract 3.04.00' />
  <meta name='ocr-capabilities' content='ocr_page ocr_carea ocr_par ocr_line ocrx_word'/>
</head>
<body>
  <div class='ocr_page' id='page_1' title='image "./ptolemaeieordae00ptolgoog/ptolemaeieordae00ptolgoog_0085.png"; bbox 0 0 3300 5600; ppageno 0'>
   <div class='ocr_carea' id='block_1_1' title="bbox 623 566 810 646">
    <p class='ocr_par' dir='ltr' id='par_1_1' title="bbox 623 566 810 646">
     <span class='ocr_line' id='line_1_1' title="bbox 623 566 810 646; baseline -0.005 0"><span class='ocrx_word' id='word_1_1' title='bbox 623 566 647 599; x_wconf 85' lang='grc'><strong>·’</strong></span> <span class='ocrx_word' id='word_1_2' title='bbox 771 582 810 646; x_wconf 83' lang='lat' dir='ltr'><strong>et</strong></span> 
     </span>
    </p>
   </div>
   <div class='ocr_carea' id='block_1_2' title="bbox 179 755 1418 3900">
    <p class='ocr_par' dir='ltr' id='par_1_2' title="bbox 179 755 1418 3900">
     <span class='ocr_line' id='line_1_2' title="bbox 244 755 1356 842; baseline 0.005 -18"><span class='ocrx_word' id='word_1_3' title='bbox 244 757 400 824; x_wconf 85' lang='lat' dir='ltr'><strong>dummodo</strong></span> <span class='ocrx_word' id='word_1_4' title='bbox 426 755 633 821; x_wconf 74' lang='lat' dir='ltr'><strong>Historiarum</strong></span> <span class='ocrx_word' id='word_1_5' title='bbox 664 756 812 842; x_wconf 71' lang='lat' dir='ltr'><strong>scriptori</strong></span> <span class='ocrx_word' id='word_1_6' title='bbox 841 766 1029 842; x_wconf 76' lang='lat' dir='ltr'><strong>exaggerata</strong></span> <span class='ocrx_word' id='word_1_7' title='bbox 1064 755 1162 822; x_wconf 90' lang='lat' dir='ltr'><strong>diotio</strong></span> <span class='ocrx_word' id='word_1_8' title='bbox 1187 769 1220 823; x_wconf 90' lang='lat' dir='ltr'><strong>et</strong></span> <span class='ocrx_word' id='word_1_9' title='bbox 1247 761 1356 829; x_wconf 83' lang='lat' dir='ltr'><strong>luoata</strong></span> 
     </span>
     <span class='ocr_line' id='line_1_3' title="bbox 181 860 1356 952; baseline 0.009 -29"><span class='ocrx_word' id='word_1_10' title='bbox 181 912 186 923; x_wconf 93' lang='lat'><strong>.</strong></span> <span class='ocrx_word' id='word_1_11' title='bbox 247 865 386 952; x_wconf 70' lang='lat' dir='ltr'><strong>elegantia</strong></span> <span class='ocrx_word' id='word_1_12' title='bbox 404 862 499 940; x_wconf 76' lang='lat' dir='ltr'><strong>sitio,</strong></span> <span class='ocrx_word' id='word_1_13' title='bbox 518 882 579 925; x_wconf 90' lang='lat' dir='ltr'><strong>nee</strong></span> <span class='ocrx_word' id='word_1_14' title='bbox 597 860 703 942; x_wconf 87' lang='lat' dir='ltr'><strong>laudi,</strong></span> <span class='ocrx_word' id='word_1_15' title='bbox 722 860 874 927; x_wconf 82' lang='lat' dir='ltr'><strong>vertenda</strong></span> <span class='ocrx_word' id='word_1_16' title='bbox 892 861 946 926; x_wconf 89' lang='lat' dir='ltr'><strong>sit.</strong></span> <span class='ocrx_word' id='word_1_17' title='bbox 975 863 1067 945; x_wconf 85' lang='lat' dir='ltr'><strong>Quae</strong></span> <span class='ocrx_word' id='word_1_18' title='bbox 1082 864 1239 932; x_wconf 72' lang='lat' dir='ltr'><strong>Isocraten</strong></span> <span class='ocrx_word' id='word_1_19' title='bbox 1256 866 1356 934; x_wconf 82' lang='lat' dir='ltr'><strong>dictio</strong></span> 
     </span>
     <span class='ocr_line' id='line_1_4' title="bbox 181 965 1418 1055; baseline 0.008 -26"><span class='ocrx_word' id='word_1_20' title='bbox 181 1010 189 1029; x_wconf 85' lang='lat'><strong>.-</strong></span> <span class='ocrx_word' id='word_1_21' title='bbox 248 970 481 1055; x_wconf 87' lang='lat' dir='ltr'><strong>inTheopompn</strong></span> <span class='ocrx_word' id='word_1_22' title='bbox 491 965 657 1053; x_wconf 80' lang='lat' dir='ltr'><strong>displicuit</strong></span> <span class='ocrx_word' id='word_1_23' title='bbox 674 967 867 1053; x_wconf 87' lang='lat' dir='ltr'><strong>peritissimo</strong></span> <span class='ocrx_word' id='word_1_24' title='bbox 883 966 998 1032; x_wconf 89' lang='lat' dir='ltr'><strong>harum</strong></span> <span class='ocrx_word' id='word_1_25' title='bbox 1018 990 1125 1034; x_wconf 90' lang='lat' dir='ltr'><strong>rerum</strong></span> <span class='ocrx_word' id='word_1_26' title='bbox 1140 970 1260 1038; x_wconf 86' lang='lat' dir='ltr'><strong>arbitro</strong></span> <span class='ocrx_word' id='word_1_27' title='bbox 1279 975 1357 1039; x_wconf 91' lang='lat' dir='ltr'><strong>Dio·</strong></span> <span class='ocrx_word' id='word_1_28' title='bbox 1412 973 1418 982; x_wconf 83' lang='grc'><strong>’</strong></span> 
     </span>
     <span class='ocr_line' id='line_1_5' title="bbox 250 1061 1358 1162; baseline 0.005 -24"><span class='ocrx_word' id='word_1_29' title='bbox 250 1078 335 1162; x_wconf 74' lang='lat' dir='ltr'><strong>nysio,</strong></span> <span class='ocrx_word' id='word_1_30' title='bbox 356 1061 467 1162; x_wconf 72' lang='grc' dir='ltr'><strong><em>ὑψηλή</em></strong></span> <span class='ocrx_word' id='word_1_31' title='bbox 492 1069 602 1136; x_wconf 80' lang='grc' dir='ltr'><strong><em>τεκαὶ</em></strong></span> <span class='ocrx_word' id='word_1_32' title='bbox 621 1062 874 1159; x_wconf 69' lang='grc' dir='ltr'><strong>μεγαλοπρεπὴς</strong></span> <span class='ocrx_word' id='word_1_33' title='bbox 900 1069 954 1135; x_wconf 79' lang='lat' dir='ltr'><strong>nol</strong></span> <span class='ocrx_word' id='word_1_34' title='bbox 981 1061 1021 1137; x_wconf 78' lang='lat' dir='ltr'><strong>ed</strong></span> <span class='ocrx_word' id='word_1_35' title='bbox 1047 1067 1212 1157; x_wconf 77' lang='grc' dir='ltr'><strong><em>πομπικόν</em></strong></span> <span class='ocrx_word' id='word_1_36' title='bbox 1241 1071 1358 1160; x_wconf 72' lang='grc' dir='ltr'><strong><em>ἔχουσα</em></strong></span> 
     </span>
     <span class='ocr_line' id='line_1_6' title="bbox 187 1168 1359 1267; baseline 0.005 -26"><span class='ocrx_word' id='word_1_37' title='bbox 187 1168 189 1203; x_wconf 80' lang='lat'><em>³</em></span> <span class='ocrx_word' id='word_1_38' title='bbox 251 1172 362 1267; x_wconf 64' lang='lat' dir='ltr'><strong>neith),</strong></span> <span class='ocrx_word' id='word_1_39' title='bbox 387 1176 520 1243; x_wconf 72' lang='lat' dir='ltr'><strong>eands·</strong></span> <span class='ocrx_word' id='word_1_40' title='bbox 544 1176 725 1242; x_wconf 81' lang='lat' dir='ltr'><strong>Aristobulo</strong></span> <span class='ocrx_word' id='word_1_41' title='bbox 743 1176 903 1262; x_wconf 82' lang='lat' dir='ltr'><strong>propriam</strong></span> <span class='ocrx_word' id='word_1_42' title='bbox 921 1176 1020 1241; x_wconf 79' lang='lat' dir='ltr'><strong>tuisse</strong></span> <span class='ocrx_word' id='word_1_43' title='bbox 1041 1197 1166 1246; x_wconf 88' lang='lat' dir='ltr'><strong>oenseo.</strong></span> <span class='ocrx_word' id='word_1_44' title='bbox 1199 1180 1359 1247; x_wconf 81' lang='lat' dir='ltr'><strong>Orationis</strong></span> 
     </span>
     <span class='ocr_line' id='line_1_7' title="bbox 252 1282 1361 1374; baseline 0.003 -24"><span class='ocrx_word' id='word_1_45' title='bbox 252 1283 506 1369; x_wconf 76' lang='lat' dir='ltr'><strong>geonealieotarit</strong></span> <span class='ocrx_word' id='word_1_46' title='bbox 527 1294 559 1347; x_wconf 89' lang='lat' dir='ltr'><strong>et</strong></span> <span class='ocrx_word' id='word_1_47' title='bbox 576 1285 739 1368; x_wconf 87' lang='lat' dir='ltr'><strong>amplexus</strong></span> <span class='ocrx_word' id='word_1_48' title='bbox 765 1293 811 1346; x_wconf 90' lang='lat' dir='ltr'><strong>eet</strong></span> <span class='ocrx_word' id='word_1_49' title='bbox 837 1282 1032 1368; x_wconf 91' lang='lat' dir='ltr'><strong>perpolitum</strong></span> <span class='ocrx_word' id='word_1_50' title='bbox 1048 1282 1197 1369; x_wconf 88' lang='lat' dir='ltr'><strong>quidem,</strong></span> <span class='ocrx_word' id='word_1_51' title='bbox 1214 1288 1361 1374; x_wconf 81' lang='lat' dir='ltr'><strong>elegans,</strong></span> 
     </span>
     <span class='ocr_line' id='line_1_8' title="bbox 252 1387 1361 1480; baseline 0.005 -26"><span class='ocrx_word' id='word_1_52' title='bbox 252 1403 391 1472; x_wconf 82' lang='lat' dir='ltr'><strong>ornatum,</strong></span> <span class='ocrx_word' id='word_1_53' title='bbox 421 1388 477 1454; x_wconf 83' lang='lat' dir='ltr'><strong>sed</strong></span> <span class='ocrx_word' id='word_1_54' title='bbox 505 1387 665 1468; x_wconf 76' lang='lat' dir='ltr'><strong>floridius,</strong></span> <span class='ocrx_word' id='word_1_55' title='bbox 698 1387 869 1475; x_wconf 82' lang='lat' dir='ltr'><strong>grandius,</strong></span> <span class='ocrx_word' id='word_1_56' title='bbox 896 1388 1027 1467; x_wconf 89' lang='lat' dir='ltr'><strong>elatius,</strong></span> <span class='ocrx_word' id='word_1_57' title='bbox 1046 1391 1105 1453; x_wconf 66' lang='lat' dir='ltr'><strong>‘oui</strong></span> <span class='ocrx_word' id='word_1_58' title='bbox 1126 1387 1250 1456; x_wconf 80' lang='lat' dir='ltr'><strong>deesset</strong></span> <span class='ocrx_word' id='word_1_59' title='bbox 1266 1415 1361 1480; x_wconf 90' lang='lat' dir='ltr'><strong>saepe</strong></span> 
     </span>
     <span class='ocr_line' id='line_1_9' title="bbox 180 1483 1362 1584; baseline 0.003 -24"><span class='ocrx_word' id='word_1_60' title='bbox 180 1513 195 1533; x_wconf 63' lang='lat'><strong>*¹</strong></span> <span class='ocrx_word' id='word_1_61' title='bbox 252 1506 303 1561; x_wconf 89' lang='lat' dir='ltr'><strong>tum</strong></span> <span class='ocrx_word' id='word_1_62' title='bbox 316 1487 457 1584; x_wconf 73' lang='grc' dir='ltr'><strong>ὡιλόιης</strong></span> <span class='ocrx_word' id='word_1_63' title='bbox 478 1493 536 1559; x_wconf 86' lang='lat' dir='ltr'><strong>illa</strong></span> <span class='ocrx_word' id='word_1_64' title='bbox 557 1505 624 1559; x_wconf 92' lang='lat' dir='ltr'><strong>tum</strong></span> <span class='ocrx_word' id='word_1_65' title='bbox 642 1483 796 1581; x_wconf 65' lang='grc' dir='ltr'><strong>ἀλήθεια,</strong></span> <span class='ocrx_word' id='word_1_66' title='bbox 819 1514 918 1580; x_wconf 87' lang='lat' dir='ltr'><strong>quam</strong></span> <span class='ocrx_word' id='word_1_67' title='bbox 934 1493 975 1559; x_wconf 89' lang='lat' dir='ltr'><strong>ab</strong></span> <span class='ocrx_word' id='word_1_68' title='bbox 993 1493 1144 1559; x_wconf 76' lang='lat' dir='ltr'><strong>historico</strong></span> <span class='ocrx_word' id='word_1_69' title='bbox 1156 1510 1362 1582; x_wconf 86' lang='lat' dir='ltr'><strong>exspectave-</strong></span> 
     </span>
     <span class='ocr_line' id='line_1_10' title="bbox 180 1600 1361 1689; baseline 0.002 -22"><span class='ocrx_word' id='word_1_70' title='bbox 180 1600 196 1654; x_wconf 64' lang='grc' dir='ltr'><strong>’ἕ</strong></span> <span class='ocrx_word' id='word_1_71' title='bbox 251 1601 323 1668; x_wconf 85' lang='lat' dir='ltr'><strong>riset</strong></span> <span class='ocrx_word' id='word_1_72' title='bbox 339 1601 565 1689; x_wconf 59' lang='lat' dir='ltr'><strong>postulaverim</strong></span> <span class='ocrx_word' id='word_1_73' title='bbox 589 1602 706 1665; x_wconf 88' lang='lat' dir='ltr'><strong>inesset</strong></span> <span class='ocrx_word' id='word_1_74' title='bbox 724 1620 800 1665; x_wconf 83' lang='lat' dir='ltr'><strong>vero</strong></span> <span class='ocrx_word' id='word_1_75' title='bbox 817 1602 944 1664; x_wconf 86' lang='lat' dir='ltr'><strong>fucatus</strong></span> <span class='ocrx_word' id='word_1_76' title='bbox 961 1600 1112 1665; x_wconf 89' lang='lat' dir='ltr'><strong>illenitor</strong></span> <span class='ocrx_word' id='word_1_77' title='bbox 1128 1611 1160 1665; x_wconf 92' lang='lat' dir='ltr'><strong>et</strong></span> <span class='ocrx_word' id='word_1_78' title='bbox 1179 1600 1361 1669; x_wconf 86' lang='lat' dir='ltr'><strong>delectandi</strong></span> 
     </span>
     <span class='ocr_line' id='line_1_11' title="bbox 180 1705 1360 1797; baseline 0.002 -24"><span class='ocrx_word' id='word_1_79' title='bbox 180 1720 195 1757; x_wconf 71' lang='lat'><strong>5²</strong></span> <span class='ocrx_word' id='word_1_80' title='bbox 219 1791 222 1797; x_wconf 25' lang='grc' dir='ltr'>Ι</span> <span class='ocrx_word' id='word_1_81' title='bbox 251 1708 390 1789; x_wconf 86' lang='lat' dir='ltr'><strong>studium,</strong></span> <span class='ocrx_word' id='word_1_82' title='bbox 415 1705 504 1795; x_wconf 86' lang='lat' dir='ltr'><strong>quod</strong></span> <span class='ocrx_word' id='word_1_83' title='bbox 526 1707 621 1772; x_wconf 86' lang='lat' dir='ltr'><strong>unice</strong></span> <span class='ocrx_word' id='word_1_84' title='bbox 638 1709 672 1771; x_wconf 88' lang='lat' dir='ltr'><strong>iu</strong></span> <span class='ocrx_word' id='word_1_85' title='bbox 691 1717 816 1772; x_wconf 89' lang='lat' dir='ltr'><strong>oratore</strong></span> <span class='ocrx_word' id='word_1_86' title='bbox 836 1706 948 1771; x_wconf 89' lang='lat' dir='ltr'><strong>tuleris</strong></span> <span class='ocrx_word' id='word_1_87' title='bbox 964 1717 996 1771; x_wconf 88' lang='lat' dir='ltr'><strong>et</strong></span> <span class='ocrx_word' id='word_1_88' title='bbox 1013 1708 1214 1793; x_wconf 76' lang='lat' dir='ltr'><strong>probareris.¹</strong></span> <span class='ocrx_word' id='word_1_89' title='bbox 1234 1708 1360 1791; x_wconf 83' lang='lat' dir='ltr'><strong>Verbo,</strong></span> 
     </span>
     <span class='ocr_line' id='line_1_12' title="bbox 179 1810 1361 1901; baseline 0 -22"><span class='ocrx_word' id='word_1_90' title='bbox 179 1866 184 1879; x_wconf 87' lang='lat'><strong>.</strong></span> <span class='ocrx_word' id='word_1_91' title='bbox 251 1826 278 1879; x_wconf 83' lang='lat' dir='ltr'><strong>ot</strong></span> <span class='ocrx_word' id='word_1_92' title='bbox 292 1815 669 1893; x_wconf 63' lang='lat' dir='ltr'><strong>ineoommentariorum,</strong></span> <span class='ocrx_word' id='word_1_93' title='bbox 705 1835 785 1900; x_wconf 83' lang='lat' dir='ltr'><strong>quoa</strong></span> <span class='ocrx_word' id='word_1_94' title='bbox 812 1812 908 1878; x_wconf 88' lang='lat' dir='ltr'><strong>edere</strong></span> <span class='ocrx_word' id='word_1_95' title='bbox 936 1812 1115 1900; x_wconf 71' lang='lat' dir='ltr'><strong>cogitabit,</strong></span> <span class='ocrx_word' id='word_1_96' title='bbox 1137 1810 1247 1901; x_wconf 82' lang='lat' dir='ltr'><strong>p&#39;rimis</strong></span> <span class='ocrx_word' id='word_1_97' title='bbox 1273 1816 1361 1882; x_wconf 80' lang='lat' dir='ltr'><strong>velut</strong></span> 
     </span>
     <span class='ocr_line' id='line_1_13' title="bbox 251 1919 1360 2006; baseline 0.001 -20"><span class='ocrx_word' id='word_1_98' title='bbox 251 1919 442 2001; x_wconf 66' lang='lat' dir='ltr'><strong>trementis,</strong></span> <span class='ocrx_word' id='word_1_99' title='bbox 460 1919 625 1987; x_wconf 81' lang='lat' dir='ltr'><strong>rhetorum</strong></span> <span class='ocrx_word' id='word_1_100' title='bbox 633 1940 741 2001; x_wconf 87' lang='lat' dir='ltr'><strong>more,</strong></span> <span class='ocrx_word' id='word_1_101' title='bbox 759 1919 893 1985; x_wconf 65' lang='lat' dir='ltr'><strong>herotem</strong></span> <span class='ocrx_word' id='word_1_102' title='bbox 910 1919 1119 2006; x_wconf 85' lang='lat' dir='ltr'><strong>descripserat</strong></span> <span class='ocrx_word' id='word_1_103' title='bbox 1128 1920 1360 2003; x_wconf 79' lang='lat' dir='ltr'><strong>Alexandrum,</strong></span> 
     </span>
     <span class='ocr_line' id='line_1_14' title="bbox 191 2013 1363 2114; baseline 0.002 -23"><span class='ocrx_word' id='word_1_104' title='bbox 191 2070 194 2079; x_wconf 83' lang='lat'><em>-</em></span> <span class='ocrx_word' id='word_1_105' title='bbox 251 2017 405 2113; x_wconf 64' lang='grc' dir='ltr'><strong><em>Βέφαπας</em></strong></span> <span class='ocrx_word' id='word_1_106' title='bbox 426 2022 474 2090; x_wconf 73' lang='lat' dir='ltr'><strong>tet</strong></span> <span class='ocrx_word' id='word_1_107' title='bbox 493 2017 628 2108; x_wconf 77' lang='grc' dir='ltr'>ὠιοπίῳ</span> <span class='ocrx_word' id='word_1_108' title='bbox 649 2013 854 2113; x_wconf 69' lang='lat' dir='ltr'><strong>potatione·</strong></span> <span class='ocrx_word' id='word_1_109' title='bbox 886 2037 923 2089; x_wconf 92' lang='lat' dir='ltr'><strong>ut</strong></span> <span class='ocrx_word' id='word_1_110' title='bbox 952 2027 985 2088; x_wconf 92' lang='lat' dir='ltr'><strong>in</strong></span> <span class='ocrx_word' id='word_1_111' title='bbox 1013 2026 1174 2091; x_wconf 83' lang='lat' dir='ltr'><strong>Timoelea</strong></span> <span class='ocrx_word' id='word_1_112' title='bbox 1200 2026 1363 2114; x_wconf 83' lang='lat' dir='ltr'><strong>pingenda</strong></span> 
     </span>
     <span class='ocr_line' id='line_1_15' title="bbox 251 2125 1362 2220; baseline 0.003 -26"><span class='ocrx_word' id='word_1_113' title='bbox 251 2125 454 2214; x_wconf 84' lang='lat' dir='ltr'><strong>lepidissimam</strong></span> <span class='ocrx_word' id='word_1_114' title='bbox 480 2128 624 2194; x_wconf 85' lang='lat' dir='ltr'><strong>exhihuit</strong></span> <span class='ocrx_word' id='word_1_115' title='bbox 650 2130 888 2195; x_wconf 75' lang='lat' dir='ltr'><strong>venustissimae</strong></span> <span class='ocrx_word' id='word_1_116' title='bbox 907 2131 1261 2218; x_wconf 79' lang='lat' dir='ltr'><strong>feminae·imaginem²‚&#39;</strong></span> <span class='ocrx_word' id='word_1_117' title='bbox 1276 2154 1362 2220; x_wconf 83' lang='lat' dir='ltr'><strong>quae</strong></span> 
     </span>
     <span class='ocr_line' id='line_1_16' title="bbox 251 2235 1360 2323; baseline 0 -22"><span class='ocrx_word' id='word_1_118' title='bbox 251 2248 423 2317; x_wconf 77' lang='lat' dir='ltr'><strong>peeutmes</strong></span> <span class='ocrx_word' id='word_1_119' title='bbox 451 2236 486 2299; x_wconf 91' lang='lat' dir='ltr'><strong>in</strong></span> <span class='ocrx_word' id='word_1_120' title='bbox 513 2236 564 2300; x_wconf 91' lang='lat' dir='ltr'><strong>sui</strong></span> <span class='ocrx_word' id='word_1_121' title='bbox 589 2256 730 2299; x_wconf 87' lang='lat' dir='ltr'><strong>amorem</strong></span> <span class='ocrx_word' id='word_1_122' title='bbox 747 2235 836 2299; x_wconf 85' lang='lat' dir='ltr'><strong>velut</strong></span> <span class='ocrx_word' id='word_1_123' title='bbox 853 2236 1022 2323; x_wconf 81' lang='lat' dir='ltr'><strong>pelliceret</strong></span> <span class='ocrx_word' id='word_1_124' title='bbox 1049 2248 1081 2300; x_wconf 90' lang='lat' dir='ltr'><strong>et</strong></span> <span class='ocrx_word' id='word_1_125' title='bbox 1100 2248 1241 2323; x_wconf 83' lang='lat' dir='ltr'><strong>raperet3</strong></span> <span class='ocrx_word' id='word_1_126' title='bbox 1265 2248 1302 2303; x_wconf 90' lang='lat' dir='ltr'><strong>ut</strong></span> <span class='ocrx_word' id='word_1_127' title='bbox 1325 2239 1360 2301; x_wconf 92' lang='lat' dir='ltr'><strong>in</strong></span> 
     </span>
     <span class='ocr_line' id='line_1_17' title="bbox 187 2335 1363 2437; baseline 0.009 -38"><span class='ocrx_word' id='word_1_128' title='bbox 187 2368 191 2377; x_wconf 94' lang='lat'>·</span> <span class='ocrx_word' id='word_1_129' title='bbox 251 2335 316 2424; x_wconf 70' lang='lat' dir='ltr'><strong>Tyro</strong></span> <span class='ocrx_word' id='word_1_130' title='bbox 335 2340 585 2407; x_wconf 85' lang='lat' dir='ltr'><strong>commendanda</strong></span> <span class='ocrx_word' id='word_1_131' title='bbox 612 2340 681 2425; x_wconf 85' lang='lat' dir='ltr'><strong>ejus</strong></span> <span class='ocrx_word' id='word_1_132' title='bbox 707 2342 803 2405; x_wconf 90' lang='lat' dir='ltr'><strong>situm</strong></span> <span class='ocrx_word' id='word_1_133' title='bbox 829 2364 952 2406; x_wconf 87' lang='lat' dir='ltr'><strong>summe</strong></span> <span class='ocrx_word' id='word_1_134' title='bbox 972 2341 1108 2408; x_wconf 87' lang='lat' dir='ltr'><strong>artificio</strong></span> <span class='ocrx_word' id='word_1_135' title='bbox 1134 2342 1363 2437; x_wconf 77' lang='lat' dir='ltr'><strong>coloribusque</strong></span> 
     </span>
     <span class='ocr_line' id='line_1_18' title="bbox 181 2443 1363 2539; baseline 0.008 -34"><span class='ocrx_word' id='word_1_136' title='bbox 181 2530 186 2539; x_wconf 34' lang='grc' dir='ltr'>Ι</span> <span class='ocrx_word' id='word_1_137' title='bbox 250 2443 429 2523; x_wconf 71' lang='lat' dir='ltr'><strong>nitidissimis</strong></span> <span class='ocrx_word' id='word_1_138' title='bbox 440 2448 608 2533; x_wconf 83' lang='lat' dir='ltr'><strong>expressit:</strong></span> <span class='ocrx_word' id='word_1_139' title='bbox 621 2448 666 2511; x_wconf 87' lang='lat' dir='ltr'><strong>ita</strong></span> <span class='ocrx_word' id='word_1_140' title='bbox 676 2448 822 2534; x_wconf 85' lang='lat' dir='ltr'><strong>quamvis</strong></span> <span class='ocrx_word' id='word_1_141' title='bbox 833 2448 1104 2537; x_wconf 89' lang='lat' dir='ltr'><strong>opportunitatem</strong></span> <span class='ocrx_word' id='word_1_142' title='bbox 1112 2450 1363 2538; x_wconf 72' lang='lat' dir='ltr'><strong>grammanes-</strong></span> 
     </span>
     <span class='ocr_line' id='line_1_19' title="bbox 249 2545 1363 2644; baseline 0 -21"><span class='ocrx_word' id='word_1_143' title='bbox 249 2545 310 2623; x_wconf 72' lang='lat' dir='ltr'><strong>lule</strong></span> <span class='ocrx_word' id='word_1_144' title='bbox 325 2555 424 2620; x_wconf 83' lang='lat' dir='ltr'><strong>inisse</strong></span> <span class='ocrx_word' id='word_1_145' title='bbox 442 2575 525 2633; x_wconf 87' lang='lat' dir='ltr'><strong>reor,</strong></span> <span class='ocrx_word' id='word_1_146' title='bbox 542 2565 581 2618; x_wconf 89' lang='lat' dir='ltr'><strong>ut</strong></span> <span class='ocrx_word' id='word_1_147' title='bbox 596 2553 717 2618; x_wconf 85' lang='lat' dir='ltr'><strong>saeculi</strong></span> <span class='ocrx_word' id='word_1_148' title='bbox 736 2553 784 2617; x_wconf 89' lang='lat' dir='ltr'><strong>sui</strong></span> <span class='ocrx_word' id='word_1_149' title='bbox 801 2552 907 2620; x_wconf 88' lang='lat' dir='ltr'><strong>studio</strong></span> <span class='ocrx_word' id='word_1_150' title='bbox 925 2555 1018 2618; x_wconf 88' lang='lat' dir='ltr'><strong>nimie</strong></span> <span class='ocrx_word' id='word_1_151' title='bbox 1027 2552 1217 2642; x_wconf 81' lang='lat' dir='ltr'><strong>indulgens,</strong></span> <span class='ocrx_word' id='word_1_152' title='bbox 1230 2554 1363 2644; x_wconf 83' lang='lat' dir='ltr'><strong>grandin</strong></span> 
     </span>
     <span class='ocr_line' id='line_1_20' title="bbox 246 2659 1363 2749; baseline 0.004 -24"><span class='ocrx_word' id='word_1_153' title='bbox 246 2667 410 2740; x_wconf 69' lang='lat' dir='ltr'><strong>tentetur,</strong></span> <span class='ocrx_word' id='word_1_154' title='bbox 436 2659 653 2749; x_wconf 78' lang='lat' dir='ltr'><strong>permulceret</strong></span> <span class='ocrx_word' id='word_1_155' title='bbox 677 2659 833 2724; x_wconf 81' lang='lat' dir='ltr'><strong>lectorum</strong></span> <span class='ocrx_word' id='word_1_156' title='bbox 850 2661 988 2740; x_wconf 84' lang='lat' dir='ltr'><strong>animos,</strong></span> <span class='ocrx_word' id='word_1_157' title='bbox 1007 2670 1164 2726; x_wconf 89' lang='lat' dir='ltr'><strong>oratorem</strong></span> <span class='ocrx_word' id='word_1_158' title='bbox 1180 2663 1214 2726; x_wconf 89' lang='lat' dir='ltr'><strong>iu</strong></span> <span class='ocrx_word' id='word_1_159' title='bbox 1230 2661 1363 2729; x_wconf 86' lang='lat' dir='ltr'><strong>historia</strong></span> 
     </span>
     <span class='ocr_line' id='line_1_21' title="bbox 179 2776 1259 2854; baseline 0.008 -26"><span class='ocrx_word' id='word_1_160' title='bbox 179 2784 180 2792; x_wconf 52' lang='lat'>¹</span> <span class='ocrx_word' id='word_1_161' title='bbox 243 2776 350 2847; x_wconf 61' lang='lat' dir='ltr'><strong>igeret.</strong></span> <span class='ocrx_word' id='word_1_162' title='bbox 1256 2849 1259 2854; x_wconf 15' lang='grc' dir='ltr'><strong>Δ</strong></span> 
     </span>
     <span class='ocr_line' id='line_1_22' title="bbox 186 2870 1362 2974; baseline 0.003 -38"><span class='ocrx_word' id='word_1_163' title='bbox 186 2899 190 2910; x_wconf 94' lang='grc'><strong><em>·</em></strong></span> <span class='ocrx_word' id='word_1_164' title='bbox 274 2870 388 2974; x_wconf 78' lang='lat' dir='ltr'><strong>ltaque</strong></span> <span class='ocrx_word' id='word_1_165' title='bbox 405 2872 446 2940; x_wconf 93' lang='lat' dir='ltr'><strong>de</strong></span> <span class='ocrx_word' id='word_1_166' title='bbox 464 2873 644 2940; x_wconf 76' lang='lat' dir='ltr'><strong>Aristobuli</strong></span> <span class='ocrx_word' id='word_1_167' title='bbox 666 2875 902 2941; x_wconf 83' lang='lat' dir='ltr'><strong>commentariis</strong></span> <span class='ocrx_word' id='word_1_168' title='bbox 921 2874 1001 2962; x_wconf 92' lang='lat' dir='ltr'><strong>quid</strong></span> <span class='ocrx_word' id='word_1_169' title='bbox 1016 2875 1168 2954; x_wconf 86' lang='lat' dir='ltr'><strong>sentiam,</strong></span> <span class='ocrx_word' id='word_1_170' title='bbox 1187 2871 1236 2939; x_wconf 86' lang='lat' dir='ltr'><strong>his</strong></span> <span class='ocrx_word' id='word_1_171' title='bbox 1250 2876 1362 2961; x_wconf 82' lang='lat' dir='ltr'><strong>paucis</strong></span> 
     </span>
     <span class='ocr_line' id='line_1_23' title="bbox 236 2979 1363 3069; baseline -0.001 -23"><span class='ocrx_word' id='word_1_172' title='bbox 236 2980 548 3069; x_wconf 59' lang='lat' dir='ltr'><strong>complectentium</strong></span> <span class='ocrx_word' id='word_1_173' title='bbox 564 2982 693 3046; x_wconf 90' lang='lat' dir='ltr'><strong>omnino</strong></span> <span class='ocrx_word' id='word_1_174' title='bbox 709 2979 883 3047; x_wconf 70' lang='lat' dir='ltr'><strong>Alexandri</strong></span> <span class='ocrx_word' id='word_1_175' title='bbox 899 2980 1058 3046; x_wconf 86' lang='lat' dir='ltr'><strong>historicis</strong></span> <span class='ocrx_word' id='word_1_176' title='bbox 1067 2980 1161 3046; x_wconf 91' lang='lat' dir='ltr'><strong>illum</strong></span> <span class='ocrx_word' id='word_1_177' title='bbox 1171 3000 1234 3045; x_wconf 89' lang='lat' dir='ltr'><strong>non</strong></span> <span class='ocrx_word' id='word_1_178' title='bbox 1246 3001 1363 3067; x_wconf 80' lang='lat' dir='ltr'><strong>acoen-</strong></span> 
     </span>
     <span class='ocr_line' id='line_1_24' title="bbox 228 3083 1364 3180; baseline 0.004 -32"><span class='ocrx_word' id='word_1_179' title='bbox 228 3090 331 3180; x_wconf 57' lang='grc' dir='ltr'><strong>’θείως</strong></span> <span class='ocrx_word' id='word_1_180' title='bbox 344 3109 437 3158; x_wconf 87' lang='lat' dir='ltr'><strong>nemo</strong></span> <span class='ocrx_word' id='word_1_181' title='bbox 449 3090 620 3174; x_wconf 83' lang='lat' dir='ltr'><strong>quisquam</strong></span> <span class='ocrx_word' id='word_1_182' title='bbox 631 3087 715 3151; x_wconf 89' lang='lat' dir='ltr'><strong>enim</strong></span> <span class='ocrx_word' id='word_1_183' title='bbox 732 3083 795 3154; x_wconf 90' lang='lat' dir='ltr'><strong>hoo</strong></span> <span class='ocrx_word' id='word_1_184' title='bbox 806 3088 935 3152; x_wconf 88' lang='lat' dir='ltr'><strong>nomine</strong></span> <span class='ocrx_word' id='word_1_185' title='bbox 948 3086 1063 3174; x_wconf 82' lang='lat' dir='ltr'><strong>dignus</strong></span> <span class='ocrx_word' id='word_1_186' title='bbox 1072 3098 1218 3172; x_wconf 85' lang='lat' dir='ltr'><strong>repertus</strong></span> <span class='ocrx_word' id='word_1_187' title='bbox 1228 3098 1277 3157; x_wconf 87' lang='lat' dir='ltr'><strong>est</strong></span> <span class='ocrx_word' id='word_1_188' title='bbox 1285 3111 1295 3168; x_wconf 90' lang='lat'>;</span> <span class='ocrx_word' id='word_1_189' title='bbox 1305 3085 1364 3152; x_wconf 90' lang='lat' dir='ltr'><strong>sed</strong></span> 
     </span>
     <span class='ocr_line' id='line_1_25' title="bbox 225 3176 1363 3280; baseline 0.004 -27"><span class='ocrx_word' id='word_1_190' title='bbox 225 3176 388 3261; x_wconf 72' lang='lat' dir='ltr'><strong>fidissimis</strong></span> <span class='ocrx_word' id='word_1_191' title='bbox 412 3216 489 3259; x_wconf 83' lang='lat' dir='ltr'><strong>cunr</strong></span> <span class='ocrx_word' id='word_1_192' title='bbox 512 3193 694 3258; x_wconf 89' lang='lat' dir='ltr'><strong>Ptolemaeo</strong></span> <span class='ocrx_word' id='word_1_193' title='bbox 708 3192 805 3258; x_wconf 87' lang='lat' dir='ltr'><strong>iaoile</strong></span> <span class='ocrx_word' id='word_1_194' title='bbox 827 3192 966 3280; x_wconf 85' lang='lat' dir='ltr'><strong>palmam</strong></span> <span class='ocrx_word' id='word_1_195' title='bbox 981 3192 1170 3280; x_wconf 80' lang='lat' dir='ltr'><strong>praeripuit.</strong></span> <span class='ocrx_word' id='word_1_196' title='bbox 1203 3192 1270 3275; x_wconf 80' lang='lat' dir='ltr'><strong>Qui</strong></span> <span class='ocrx_word' id='word_1_197' title='bbox 1286 3213 1363 3259; x_wconf 78' lang='lat' dir='ltr'><strong>aero</strong></span> 
     </span>
     <span class='ocr_line' id='line_1_26' title="bbox 219 3284 1364 3387; baseline -0.003 -20"><span class='ocrx_word' id='word_1_198' title='bbox 219 3284 376 3367; x_wconf 74' lang='lat' dir='ltr'><strong>Pluribus</strong></span> <span class='ocrx_word' id='word_1_199' title='bbox 392 3298 581 3365; x_wconf 91' lang='lat' dir='ltr'><strong>-nominibus</strong></span> <span class='ocrx_word' id='word_1_200' title='bbox 611 3297 735 3365; x_wconf 86' lang='lat' dir='ltr'><strong>landari</strong></span> <span class='ocrx_word' id='word_1_201' title='bbox 763 3311 916 3380; x_wconf 87' lang='lat' dir='ltr'><strong>meretur,</strong></span> <span class='ocrx_word' id='word_1_202' title='bbox 946 3301 991 3366; x_wconf 91' lang='lat' dir='ltr'><strong>ita</strong></span> <span class='ocrx_word' id='word_1_203' title='bbox 1013 3298 1145 3387; x_wconf 84' lang='lat' dir='ltr'><strong>quidem</strong></span> <span class='ocrx_word' id='word_1_204' title='bbox 1163 3298 1287 3364; x_wconf 86' lang='lat' dir='ltr'><strong>duobus</strong></span> <span class='ocrx_word' id='word_1_205' title='bbox 1303 3322 1364 3386; x_wconf 93' lang='lat' dir='ltr'><strong>po-</strong></span> 
     </span>
     <span class='ocr_line' id='line_1_27' title="bbox 218 3391 1363 3492; baseline 0.003 -26"><span class='ocrx_word' id='word_1_206' title='bbox 218 3391 385 3492; x_wconf 66' lang='lat' dir='ltr'><strong>ll⁸simum</strong></span> <span class='ocrx_word' id='word_1_207' title='bbox 413 3407 497 3471; x_wconf 80' lang='lat' dir='ltr'><strong>vitiis</strong></span> <span class='ocrx_word' id='word_1_208' title='bbox 526 3404 637 3470; x_wconf 84' lang='lat' dir='ltr'><strong>landes</strong></span> <span class='ocrx_word' id='word_1_209' title='bbox 666 3406 733 3491; x_wconf 88' lang='lat' dir='ltr'><strong>ipse</strong></span> <span class='ocrx_word' id='word_1_210' title='bbox 761 3427 834 3471; x_wconf 88' lang='lat' dir='ltr'><strong>suas</strong></span> <span class='ocrx_word' id='word_1_211' title='bbox 860 3406 1008 3486; x_wconf 74' lang='lat' dir='ltr'><strong>obtrivit,</strong></span> <span class='ocrx_word' id='word_1_212' title='bbox 1029 3418 1068 3471; x_wconf 91' lang='lat' dir='ltr'><strong>ut</strong></span> <span class='ocrx_word' id='word_1_213' title='bbox 1091 3418 1160 3472; x_wconf 88' lang='lat' dir='ltr'><strong>tum</strong></span> <span class='ocrx_word' id='word_1_214' title='bbox 1182 3403 1363 3471; x_wconf 77' lang='lat' dir='ltr'><strong>Alexandro</strong></span> 
     </span>
     <span class='ocr_line' id='line_1_28' title="bbox 218 3495 1362 3600; baseline -0.003 -22"><span class='ocrx_word' id='word_1_215' title='bbox 218 3495 378 3590; x_wconf 55' lang='lat' dir='ltr'><strong>adulatus</strong></span> <span class='ocrx_word' id='word_1_216' title='bbox 400 3513 506 3600; x_wconf 89' lang='lat' dir='ltr'><strong>turpia</strong></span> <span class='ocrx_word' id='word_1_217' title='bbox 527 3511 595 3597; x_wconf 88' lang='lat' dir='ltr'><strong>ejus</strong></span> <span class='ocrx_word' id='word_1_218' title='bbox 613 3511 775 3577; x_wconf 88' lang='lat' dir='ltr'><strong>interdum</strong></span> <span class='ocrx_word' id='word_1_219' title='bbox 797 3507 1027 3593; x_wconf 76' lang='lat' dir='ltr'><strong>attenuaverit,</strong></span> <span class='ocrx_word' id='word_1_220' title='bbox 1051 3515 1085 3576; x_wconf 91' lang='lat' dir='ltr'><strong>in</strong></span> <span class='ocrx_word' id='word_1_221' title='bbox 1099 3511 1200 3596; x_wconf 91' lang='lat' dir='ltr'><strong>majus</strong></span> <span class='ocrx_word' id='word_1_222' title='bbox 1219 3510 1362 3577; x_wconf 79' lang='lat' dir='ltr'><strong>eelebre-</strong></span> 
     </span>
     <span class='ocr_line' id='line_1_29' title="bbox 218 3617 1363 3707; baseline 0.002 -27"><span class='ocrx_word' id='word_1_223' title='bbox 218 3622 314 3686; x_wconf 64' lang='lat' dir='ltr'><strong>lttrit</strong></span> <span class='ocrx_word' id='word_1_224' title='bbox 328 3622 508 3707; x_wconf 80' lang='lat' dir='ltr'><strong>praeclara3</strong></span> <span class='ocrx_word' id='word_1_225' title='bbox 532 3632 602 3686; x_wconf 90' lang='lat' dir='ltr'><strong>tum</strong></span> <span class='ocrx_word' id='word_1_226' title='bbox 620 3621 715 3686; x_wconf 87' lang='lat' dir='ltr'><strong>etiem</strong></span> <span class='ocrx_word' id='word_1_227' title='bbox 731 3617 937 3684; x_wconf 84' lang='lat' dir='ltr'><strong>delectationi</strong></span> <span class='ocrx_word' id='word_1_228' title='bbox 960 3619 1102 3685; x_wconf 81' lang='lat' dir='ltr'><strong>serviens</strong></span> <span class='ocrx_word' id='word_1_229' title='bbox 1125 3630 1223 3707; x_wconf 88' lang='lat' dir='ltr'><strong>atque</strong></span> <span class='ocrx_word' id='word_1_230' title='bbox 1241 3617 1363 3683; x_wconf 87' lang='lat' dir='ltr'><strong>deseri-</strong></span> 
     </span>
     <span class='ocr_line' id='line_1_30' title="bbox 220 3718 1363 3815; baseline -0.004 -22"><span class='ocrx_word' id='word_1_231' title='bbox 220 3718 349 3793; x_wconf 64' lang='lat' dir='ltr'><strong>titionis</strong></span> <span class='ocrx_word' id='word_1_232' title='bbox 371 3729 557 3815; x_wconf 84' lang='lat' dir='ltr'><strong>elegantiae.</strong></span> <span class='ocrx_word' id='word_1_233' title='bbox 575 3749 638 3792; x_wconf 90' lang='lat' dir='ltr'><strong>non</strong></span> <span class='ocrx_word' id='word_1_234' title='bbox 665 3747 790 3811; x_wconf 88' lang='lat' dir='ltr'><strong>semper</strong></span> <span class='ocrx_word' id='word_1_235' title='bbox 808 3747 937 3791; x_wconf 79' lang='lat' dir='ltr'><strong>namara</strong></span> <span class='ocrx_word' id='word_1_236' title='bbox 964 3727 1064 3815; x_wconf 78' lang='lat' dir='ltr'><strong>magis</strong></span> <span class='ocrx_word' id='word_1_237' title='bbox 1082 3725 1247 3794; x_wconf 86' lang='lat' dir='ltr'><strong>historiam</strong></span> <span class='ocrx_word' id='word_1_238' title='bbox 1264 3744 1363 3812; x_wconf 57' lang='lat' dir='ltr'><strong>wem</strong></span> 
     </span>
     <span class='ocr_line' id='line_1_31' title="bbox 226 3832 657 3900; baseline 0.005 -4"><span class='ocrx_word' id='word_1_239' title='bbox 226 3837 345 3898; x_wconf 59' lang='lat' dir='ltr'><strong>⁰strare</strong></span> <span class='ocrx_word' id='word_1_240' title='bbox 362 3832 532 3900; x_wconf 76' lang='lat' dir='ltr'><strong>studuerit.</strong></span> <span class='ocrx_word' id='word_1_241' title='bbox 596 3847 599 3854; x_wconf 90' lang='lat'>&#39;</span> <span class='ocrx_word' id='word_1_242' title='bbox 654 3867 657 3872; x_wconf 93' lang='lat'>·</span> 
     </span>
    </p>
   </div>
   <div class='ocr_carea' id='block_1_3' title="bbox 177 3998 954 4188">
    <p class='ocr_par' dir='ltr' id='par_1_3' title="bbox 177 3998 954 4188">
     <span class='ocr_line' id='line_1_32' title="bbox 235 3998 438 4026; baseline 0 0"><span class='ocrx_word' id='word_1_243' title='bbox 235 3998 438 4026; x_wconf 55' lang='grc' dir='ltr'>κ...-</span> 
     </span>
     <span class='ocr_line' id='line_1_33' title="bbox 177 4091 954 4188; baseline 0 -19"><span class='ocrx_word' id='word_1_244' title='bbox 177 4091 179 4128; x_wconf 56' lang='lat'>³</span> <span class='ocrx_word' id='word_1_245' title='bbox 268 4117 295 4186; x_wconf 78' lang='lat' dir='ltr'><strong>ll</strong></span> <span class='ocrx_word' id='word_1_246' title='bbox 312 4121 361 4188; x_wconf 79' lang='lat' dir='ltr'><strong>Ep.</strong></span> <span class='ocrx_word' id='word_1_247' title='bbox 380 4121 416 4171; x_wconf 80' lang='lat' dir='ltr'><strong>od</strong></span> <span class='ocrx_word' id='word_1_248' title='bbox 433 4123 477 4174; x_wconf 78' lang='lat' dir='ltr'><strong>Uo.</strong></span> <span class='ocrx_word' id='word_1_249' title='bbox 499 4121 585 4186; x_wconf 79' lang='lat' dir='ltr'><strong>Pomp.</strong></span> <span class='ocrx_word' id='word_1_250' title='bbox 605 4120 640 4170; x_wconf 83' lang='lat' dir='ltr'><strong>vt</strong></span> <span class='ocrx_word' id='word_1_251' title='bbox 657 4136 682 4187; x_wconf 90' lang='lat' dir='ltr'><strong>p.</strong></span> <span class='ocrx_word' id='word_1_252' title='bbox 701 4116 761 4170; x_wconf 78' lang='lat' dir='ltr'><strong>tat.</strong></span> <span class='ocrx_word' id='word_1_253' title='bbox 780 4119 831 4187; x_wconf 84' lang='lat' dir='ltr'><strong>(ed.</strong></span> <span class='ocrx_word' id='word_1_254' title='bbox 850 4118 954 4185; x_wconf 60' lang='lat' dir='ltr'><strong>lteislrd.</strong></span> 
     </span>
    </p>
   </div>
   <div class='ocr_carea' id='block_1_4' title="bbox 725 4407 868 4418">
    <p class='ocr_par' dir='ltr' id='par_1_4' title="bbox 725 4407 868 4418">
     <span class='ocr_line' id='line_1_34' title="bbox 725 4407 868 4418; baseline -0.007 -1"><span class='ocrx_word' id='word_1_255' title='bbox 725 4407 868 4418; x_wconf 59' lang='grc' dir='ltr'><strong>...μ-..ι-</strong></span> 
     </span>
    </p>
   </div>
   <div class='ocr_carea' id='block_1_5' title="bbox 0 0 1666 5600">
    <p class='ocr_par' dir='ltr' id='par_1_5' title="bbox 0 0 1666 5600">
     <span class='ocr_line' id='line_1_35' title="bbox 0 0 1666 5600; baseline 0 0"><span class='ocrx_word' id='word_1_256' title='bbox 0 0 1666 5600; x_wconf 95' lang='lat' dir='ltr'><strong> </strong></span> 
     </span>
    </p>
   </div>
  </div>
 </body>
</html>
