3300 5600
654 565 1018 659 'as‘

278 760 391 850 μαστὸν,
412 756 499 833 ὥστε
516 761 603 853 λέγει
630 762 929 848 Πτολεμαῖος,
950 755 1002 831 ὅτι
1020 763 1076 831 καὶ
1094 761 1221 851 πνεῦμα
1240 757 1326 850 ὁμοῦ
1344 765 1394 852 τῷ

282 871 375 957 αἵματι
403 869 439 942 ἐκ
466 873 526 943 τοῦ
551 862 737 964 τραύματος
758 868 931 952 ἐξεπνεῖτο.
950 861 981 942 ‘0
1000 873 1054 956 δὲ,
1075 868 1224 959 ἔστεγεν
1243 869 1393 965 thelep-

288 974 386 1075 μύνῆν
415 976 505 1070 αύτῷ
533 977 573 1051 τά
599 975 698 1068 αἷμα,
728 980 847 1072 καίπερ
867 981 972 1057 κακῶς
992 976 1082 1067 ἔχων,
1102 974 1251 1072 ἠμύνετο·
1270 984 1394 1052 πολλοῦ
1440 1020 1443 1026 ·

290 1091 317 1160 ll
338 1087 371 1183 δὴ
393 1093 454 1161 τοῦ
471 1092 610 1176 αἵματος
625 1092 680 1158 καὶ
696 1081 826 1179 α’θράου
846 1083 899 1157 οἷα
914 1083 954 1178 δη
970 1083 1025 1171 ξύν
1041 1087 1199 1176 πνεύματι
1215 1092 1393 1184 ἐκρυέντος,

291 1194 383 1290 ἴλιγγός
396 1226 434 1269 τε
452 1194 549 1268 αύτάν
564 1201 618 1268 καλ
635 1199 838 1290 λειποψυχία
856 1197 1006 1284 κατέσχε,
1024 1199 1078 1267 καὶ
1095 1201 1212 1269 πίπτει
1231 1197 1331 1270 mironi
1340 1201 1397 1270 ἐπὶ

244 1344 245 1383 3
292 1301 464 1398 ιη’νάσπλδα
489 1301 669 1392 ξυννεύσας.
689 1349 729 1360 -
748 1306 815 1377 Kal
831 1307 863 1376 οἱ
881 1307 940 1395 μὲν
958 1300 1043 1394 ξύλῳ
1063 1310 1223 1400 πληγέντα
1240 1307 1322 1392 κατά
1337 1313 1397 1380 τοῦ

271 1410 399 1509 ’κράνους
426 1411 643 1511 Ἀλέξανδρον
670 1417 724 1485 καὶ
749 1407 967 1504 ἰλιγγιάσαντα
992 1422 1118 1502 πεσεῖν,
1148 1408 1246 1496 αὖθις
1265 1420 1302 1487 δέ
1319 1415 1395 1488 dvc-

293 1519 382 1595 στάντα
400 1529 566 1618 βληθῆναι
583 1527 674 1613 βέλει
690 1525 744 1595 διά
757 1527 817 1594 τοῦ
836 1516 990 1616 θώρακος
1008 1525 1042 1603 ές
1059 1519 1097 1595 τά
1118 1527 1260 1616 στῆθος·
1288 1535 1399 1595 Πτο·

245 1642 248 1649 “
295 1635 437 1722 λεμυῖος
453 1635 491 1704 δέ
509 1630 529 1706 ὁ
548 1628 685 1726 Λάγου
702 1627 820 1725 ταύτην
838 1625 936 1725 μάνην
952 1628 1416 1728 τὴνπληγήνπληγῆναιλέγει·

296 1736 373 1835 ιὴές
391 1739 431 1814 τά
450 1747 586 1836 στῆθος.

321 1851 424 1922 tarbis
445 1848 556 1936 οἱμὲν
576 1841 663 1936 ξύλῳ
685 1873 713 1916 κ.
734 1871 764 1915 τ.
785 1847 815 1915 λ.
838 1847 992 1915 Arrianus
1014 1850 1196 1939 designasse
1216 1863 1285 1917 tum
1303 1851 1399 1933 alios,

293 1965 341 2024 uu
356 1980 431 2025 uero
445 1958 582 2024 maxime
599 1955 821 2023 Aristobulum
840 1954 983 2036 videtur,
1008 1980 1204 2045 quamquam
1226 1957 1279 2024 hic
1301 1958 1402 2024 Alex·

292 2063 403 2130 andrum
431 2053 514 2129 κατά
533 2061 594 2128 τοῦ
616 2051 761 2146 αύχένος,
785 2083 845 2128 nec
867 2085 942 2127 vero
965 2055 1127 2128 nesciocui
1148 2053 1282 2151 κράνους
1311 2066 1402 2132 clara

292 2168 370 2237 ictum
389 2168 532 2236 tradidit.
563 2167 638 2237 Vid.
663 2166 731 2250 ejus
751 2169 877 2255 Fragm.
904 2170 985 2235 XLI.
1020 2168 1239 2233 Aristobulum
1259 2171 1401 2237 imitatus

291 2273 459 2344 Plutarchus
478 2275 576 2341 Orat.
595 2274 635 2338 de
651 2271 749 2339 Alea.
769 2276 795 2342 I.
812 2276 832 2338 2
852 2276 1029 2340 sauciatum
1050 2275 1171 2360 Regem
1189 2287 1296 2339 narrat
1311 2274 1402 2360 βέλει

292 2381 335 2464 μέν
354 2376 419 2454 άπὸ
445 2375 542 2463 τόξου
570 2373 608 2449 τά
638 2379 768 2472 στέρνον
792 2380 1007 2472 ἐνερεισθέντι
1032 2382 1087 2449 καὶ
1108 2373 1321 2454 καταδυσάνιι
1347 2377 1403 2452 τάν

293 2483 416 2578 σέσηρον,
437 2477 565 2575 ὑπέρου
587 2482 625 2551 δὲ
645 2484 754 2574 πληγῇ
774 2479 867 2575 παρά
886 2479 942 2552 τὸν
961 2477 1128 2576 τράχηλον.
1162 2489 1275 2577 Neque
1303 2491 1404 2557 alium

294 2587 324 2652 ob
340 2595 444 2659 oculos
466 2592 579 2656 habuit
600 2589 639 2659 V
636 2594 676 2656 it.
704 2589 801 2656 Alea.
826 2593 941 2659 LXIII.
971 2593 1116 2678 Appiano
1136 2616 1267 2682 quoque
1292 2593 1344 2684 (B.
1369 2598 1403 2664 C.

292 2691 325 2762 Il.
350 2695 440 2786 152.)
471 2697 589 2763 dicitur
616 2697 795 2762 Alexander
824 2693 959 2784 πληγεὶς
979 2689 1021 2760 τά
1042 2693 1158 2784 στέρνα
1177 2697 1330 2781 χαλεποῖς
1350 2699 1405 2767 καὶ

292 2787 375 2871 isch
388 2793 549 2893 τράχηλον
563 2791 678 2891 ύπέρηι
696 2792 881 2891 βαρυτάτῳ.
912 2802 1016 2867 Ceteri
1035 2802 1204 2887 scriptores
1223 2806 1403 2873 Ptolemaeo

293 2906 369 2973 usin
389 2908 626 2975 subscribentes
647 2908 779 2993 simplex
807 2908 922 2973 uulnus
935 2919 1140 2987 memorant,
1172 2909 1297 2975 illatum
1321 2913 1405 3000 Regi

290 2998 333 3071 lul
349 3013 405 3079 τοῦ
426 3002 580 3102 θώρακος
606 3008 640 3087 ἐς
659 3003 698 3077 τά
728 3011 853 3099 στῆθος
880 3002 1053 3095 τοξεύματι
1073 3005 1171 3100 ὑπὲρ
1193 3005 1248 3079 τάν
1268 3009 1404 3099 μαστάν,

289 3116 556 3197 matthaeanus,
576 3138 717 3204 quocum
742 3118 784 3186 cs.
807 3116 973 3184 Plutarch.
995 3117 1091 3183 Orat.
1105 3117 1150 3184 II.
1173 3121 1227 3186 13.
1259 3120 1351 3187 Unde
1369 3123 1405 3188 in

286 3228 424 3310 promptu
444 3223 576 3311 quidem
592 3224 632 3286 sit
652 3223 815 3309 corrigere
831 3223 927 3288 rerba
938 3222 1069 3287 Diodori
1082 3224 1185 3294 XVII.
1204 3226 1248 3292 99
1268 3248 1276 3291 ε
1294 3224 1407 3307 τοξευ-

282 3314 352 3398 3th
369 3320 444 3394 ύπά
468 3320 525 3394 τάν
544 3317 688 3413 μαστόν·
709 3328 764 3393 sed
783 3352 884 3417 quum
905 3330 1001 3393 etiam
1026 3330 1168 3395 Iustinus
1196 3331 1263 3399 XII.
1289 3334 1312 3399 9
1334 3353 1406 3397 ver-

277 3412 408 3498 llttlenurs
428 3432 508 3506 hacc
524 3432 636 3498 reddat
650 3456 658 3499 ε
674 3436 814 3522 «sagitta
826 3436 889 3500 sub
906 3457 1057 3499 mommo
1077 3435 1245 3519 trajectus,
1256 3456 1275 3502 ο
1295 3448 1407 3503 contra

274 3518 318 3590 ΜΘ
342 3538 468 3607 duobus
487 3542 638 3632 exemplis
659 3542 839 3609 admonitus
867 3542 952 3629 apud
968 3543 1138 3608 Arrianum
1155 3536 1222 3611 ὑπὸ
1239 3546 1407 3609 restituere

269 3638 394 3715 malim,
413 3645 604 3712 Plutarchus
621 3635 720 3735 περὶ
732 3643 787 3713 τόν
800 3640 923 3731 μαστὸν
934 3650 1051 3714 uulnus
1063 3648 1218 3730 collocat,
1237 3650 1292 3714 sed
1309 3651 1407 3738 paulo

263 3750 455 3819 ⁸⁰0uratior
475 3754 603 3819 Curtius
628 3754 685 3820 IX.
707 3757 739 3819 5.
768 3753 789 3818 9
808 3753 1026 3837 conjecturam
1050 3777 1153 3819 meam
1177 3757 1309 3844 egregie
1328 3778 1408 3823 con-

260 3831 391 3927 firIlrat.
428 3857 573 3939 «Indus,
601 3860 727 3946 inquit,
755 3858 893 3924 duorum
917 3861 1101 3926 cubitorum
1133 3863 1278 3949 sagittam
1301 3863 1409 3927 -ita

256 3956 434 4044 θχ(ἓιιεείῑ,
455 3975 491 4030 ut
514 3987 572 4050 per
590 3965 753 4031 thoracem
769 3966 918 4053 paulum
941 3991 1043 4055 cuper
1064 3967 1158 4034 latur
1180 3968 1340 4033 dextrum
1357 3969 1409 4032 in-

250 4039 429 4160 leesor.»
463 4071 506 4136 Ut
523 4093 597 4136 vero
617 4069 656 4135 ad
677 4072 847 4138 Arrianum
868 4075 1011 4154 veniam,
1033 4072 1187 4139 hocloco
1207 4076 1279 4160 plus
1298 4085 1410 4141 aucto·

245 4160 378 4263 ntqfi,
397 4176 579 4244 Ptolemaeo
601 4179 796 4244 tribuentem
816 4202 913 4267 quam
939 4178 1140 4259 Aristobulo,
1159 4179 1409 4269 haudquaquam

275 4279 441 4348 &simulo
451 4329 460 4363 ,
472 4282 568 4368 hujus
588 4284 712 4349 arbitrii
724 4288 918 4373 aequitatem
935 4308 987 4351 me
998 4308 1192 4373 magnopere
1207 4287 1409 4355 addubitare.

243 4352 351 4450 Qu„
369 4389 453 4454 cuim
473 4387 525 4454 die
547 4390 588 4455 ad
605 4391 774 4457 llallorum
794 4393 909 4457 urbem
929 4402 1107 4479 pugnatum
1131 4404 1197 4473 est,
1216 4394 1319 4459 abluit
1335 4396 1410 4460 Pto·

246 4480 436 4576 ⁰¹11aeus,
459 4499 571 4564 missus
590 4501 624 4564 in
642 4500 888 4585 expeditionem.
917 4499 991 4571 vid.
1008 4501 1134 4588 Fragm.
1155 4499 1265 4567 XXIII.
1296 4501 1411 4588 Itaque

243 4584 503 4691 1¹¹{artttunque
523 4604 563 4669 de
592 4627 630 4671 eo
658 4608 781 4692 proelio
813 4607 1021 4693 perscripsit,
1048 4617 1121 4693 post
1146 4606 1244 4676 fando
1271 4606 1408 4685 audivit,
