3300 5600
689 547 697 567 “
805 582 848 647 se

261 757 361 825 tutela
369 753 518 824 mandata
530 752 689 843 eet(l)iod.
701 755 724 822 1.
734 753 757 822 l.
767 754 849 840 acl.
874 754 1040 820 Attalum
1049 754 1343 839 Andromonia,Pr

258 877 401 944 certam,
419 859 598 930 Meos’dcm
614 860 831 950 Hogoooodra'
851 873 883 926 et
901 857 1090 944 Seleucum,
1105 862 1278 929 Alexandri
1296 864 1343 931 dur

259 971 467 1050 clarissimos,
484 960 578 1032 uer'no
593 968 733 1054 ignorat.
764 967 961 1053 Demophon
982 980 1067 1035 rates
1086 991 1153 1034 csse
1169 969 1318 1051 ridetur,
1336 994 1343 1035 r

257 1074 476 1143 Alexandrum
491 1074 658 1140 Mallorum
676 1073 790 1139 urbem
808 1072 1010 1139 obsessurum
1027 1076 1169 1155 monuit,
1188 1099 1228 1140 ne
1250 1099 1343 1142 comn

258 1193 340 1246 teret
360 1196 417 1245 aut
438 1190 525 1245 certe
544 1178 687 1244 differret
709 1178 916 1246 obsidionem.
949 1180 1024 1250 Vid.
1054 1181 1147 1250 Diod.
1169 1182 1275 1251 xvn.
1300 1186 1342 1250 98

258 1289 346 1355 Curt.
377 1288 436 1354 lx.
467 1289 499 1354 4.
523 1287 579 1354 28.
614 1286 661 1351 De
689 1286 858 1350 Cleomene
880 1288 1032 1352 incertior
1054 1309 1104 1352 res
1127 1298 1190 1366 eat,
1215 1289 1271 1353 sed
1290 1288 1343 1353 dir

258 1416 330 1458 sum
350 1406 455 1459 tamen
477 1415 543 1456 esse
564 1403 696 1478 apparet
724 1390 765 1456 ab
792 1413 850 1472 eo,
872 1393 928 1478 qui
948 1391 1010 1459 hoc
1036 1406 1179 1481 tempore
1198 1396 1233 1459 in
1248 1394 1343 1482 Aegy¹

257 1500 395 1588 degebat
406 1498 616 1586 vectigalibus
625 1499 823 1584 praefectus,
836 1499 1053 1565 Naucratitam
1071 1511 1166 1589 puta,
1180 1490 1286 1588 ἄνδρα
1301 1522 1343 1564 κα

256 1602 312 1670 καὶ
331 1596 438 1670 πολλά
458 1592 637 1690 ἀδικήματα
658 1592 851 1691 ἀδικήσαντα
871 1598 904 1669 ἐν
924 1595 1104 1690 Αἰγύπτῳ,
1123 1616 1160 1673 ut
1172 1606 1343 1692 loquitur.

257 1710 562 1780 rian.v11.23.6.
596 1708 644 1774 ef.
669 1708 729 1775 111.
760 1712 793 1776 5.
824 1711 863 1789 43
887 1710 976 1776 Gurt.
1004 1710 1062 1780 lv.
1083 1713 1117 1781 8.
1144 1715 1177 1780 5.
1210 1709 1344 1798 Serapid

256 1839 360 1906 quum
397 1814 566 1881 crederent
598 1814 722 1901 antiqui
759 1836 873 1901 «posse
904 1817 1122 1901 praescribere
1149 1839 1206 1904 per
1238 1817 1342 1882 somni

257 1922 457 1989 curationem
466 1919 681 1988 valetudinis»
698 1921 779 2010 (Cic.
795 1921 834 1986 de
844 1921 924 1987 Dio.
931 1923 974 1990 11.
985 1920 1068 2011 59.)‚
1078 1922 1343 1989 celeberrimum]

257 2027 313 2112 jus
328 2028 387 2092 Dei
406 2029 559 2115 templum
569 2027 764 2114 Canopicum
781 2028 917 2115 legimus
929 2025 1036 2116 πολλῇ
1046 2017 1343 2114 ἆγιστείᾳτιμώμει

255 2127 311 2197 καὶ
331 2127 518 2220 θεραπείας
540 2128 687 2221 ἐκφέροι,
710 2124 795 2195 ὥστε
815 2129 871 2196 καὶ
891 2124 967 2206 τούς
987 2120 1264 2217 ἐλλογιμωτάτους
1277 2121 1343 2207 dodo

255 2226 431 2316 πιστεύειν,
452 2232 508 2300 καὶ
527 2231 740 2320 ἐγκοιμᾶσθαι
761 2226 875 2309 αὐτοῦς
894 2225 979 2323 ὑπὲρ
1002 2230 1123 2326 iuvenis
1142 2225 1164 2321 ἢ
1182 2228 1312 2320 ἑτέρων.

256 2341 372 2405 Strabo
391 2339 484 2407 XVII
501 2362 534 2424 p.
558 2342 644 2404 1152
663 2341 697 2407 C.
722 2339 858 2409 Videtur
876 2338 1055 2406 Alexander
1077 2335 1241 2424 Serapidis
1272 2338 1340 2404 cult

255 2448 292 2513 iu
306 2445 454 2532 Aegypto
477 2447 642 2530 cognitum
665 2445 743 2535 (quo
766 2457 887 2533 spectat
907 2446 1026 2512 fabella
1044 2446 1109 2512 Jul.
1122 2444 1252 2512 *Valerii
1272 2444 1299 2511 Ι.
1324 2447 1343 2509 3

259 2551 456 2638 Babylonem
479 2550 673 2634 traduxisse,
696 2552 918 2642 eundemque,
948 2551 1036 2640 quod
1064 2551 1116 2616 bic
1142 2550 1246 2614 obiter
1273 2549 1343 2615 dico

257 2658 317 2738 eit,
341 2657 538 2724 Ptolemaeus
557 2658 692 2746 lagida,
714 2661 872 2725 insomnio
898 2660 1021 2724 scilicet
1046 2656 1079 2721 id
1106 2657 1264 2735 monitus,
1287 2678 1341 2742 pos

256 2763 467 2842 Alexandriae
487 2765 674 2833 instaurarit
696 2765 809 2855 (Tacit.
831 2766 924 2833 Hier.
944 2766 1002 2836 lv.
1024 2767 1069 2831 83
1090 2761 1343 2851 sq.,ll1acrob.d

258 2884 352 2937 toro.
381 2873 408 2939 1.
437 2871 500 2960 7.),
525 2884 677 2960 tantoque
703 2886 749 2939 est
773 2873 878 2938 studio
897 2884 1104 2959 prosecutus,
1127 2881 1164 2934 ut
1184 2872 1279 2935 etiam
1295 2868 1343 2934 Art

258 2977 420 3045 niensibns
441 2980 722 3050 commendaverit.
758 2980 833 3050 Vid.
855 2981 990 3049 Pausan.
1011 2981 1038 3047 1.
1062 2980 1115 3046 18.
1138 2980 1172 3046 4.
