3300 5600
270 2389 310 2452 nt
341 2392 533 2474 utrumque
560 2383 599 2450 in
627 2376 819 2474 majoribus
849 2402 1050 2450 numerasse
1077 2378 1171 2450 dicas
1190 2382 1387 2476 ¹Amyntam

269 2507 390 2587 illurn,
417 2527 525 2598 quern
536 2504 647 2600 vulgo
650 2505 973 2598 primomrocont,
998 2504 1224 2574 Macedoniae
1235 2505 1385 2602 Regem,

269 2654 336 2724 qno
357 2639 516 2722 tempore
536 2628 776 2698 Ptsistratidas
800 2628 1012 2721 expulerunt
1034 2625 1278 2700 Athenienses.
1302 2630 1337 2702 V
1337 2631 1385 2701 id.

269 2753 436 2826 Herodot.
464 2751 507 2824 V.
534 2747 593 2821 94.

314 2878 386 2950 Sed
409 2901 480 2971 quo
503 2876 677 2971 propero?
703 2878 950 2948 Ptolemaeum
962 2888 996 2948 et
1009 2875 1258 2949 Aristobulum
1270 2899 1386 2971 quum

268 3002 440 3073 declarem
475 3003 641 3072 curaliis
667 2998 862 3073 Alexandri
886 3001 1061 3073 historicis
1084 3001 1201 3072 studio
1223 3026 1302 3073 meo
1336 3003 1387 3074 di-

267 3130 404 3222 gniores
429 3130 646 3221 putaverim,
672 3138 746 3197 tam
768 3128 841 3197 late
857 3149 937 3196 sum
953 3128 1184 3221 exspatiatus,
1211 3139 1252 3198 ut
1276 3152 1388 3221 paene

266 3274 320 3320 me
355 3253 485 3344 ceperit
514 3248 680 3321 Charetis'
703 3251 845 3321 oblivio.
877 3248 936 3320 De
966 3250 1034 3321 hoc
1054 3251 1167 3321 obiter
1192 3251 1388 3346 disputasse
1452 3287 1454 3293 v

266 3374 458 3445 Plehnium
485 3378 579 3445 nosti
601 3377 639 3445 in
664 3372 922 3453 Lesbiacorom
946 3376 1059 3461 libro;
1087 3375 1148 3445 sed
1171 3377 1285 3456 obiter
1309 3389 1386 3447 tan·

265 3510 352 3570 turn.
389 3499 572 3594 Reliquias
602 3500 859 3582 Historiarum;
884 3523 976 3594 quae
999 3498 1140 3571 Chareti
1169 3503 1303 3572 auctori
1324 3503 1385 3571 tri-

265 3626 442 3726 buuntur,
468 3646 514 3693 ne
532 3624 701 3695 indicavit
716 3624 861 3717 quidem
881 3647 1022 3706 omnes,
1048 3603 1180 3694 nedum
1200 3625 1383 3706 collectas,

265 3749 436 3846 digestas,
468 3749 663 3819 illustratas
690 3752 728 3818 in
753 3721 845 3818 libro
869 3750 1030 3818 intexuit.
1057 3747 1233 3841 Equidem
1258 3746 1384 3819 Charc-

263 3884 351 3955 tem‚
379 3874 409 3942 si
417 3872 601 3942 historicas
612 3872 735 3943 landes
747 3882 963 3966 spectamus,
982 3873 1187 3943 Ptolemaeo
1199 3883 1235 3943 et
1247 3870 1386 3943 Aristo·

263 3997 351 4067 bulo
376 3997 491 4067 multo
507 3996 651 4089 quidem
663 3999 878 4078 inferiorem,
906 3996 1051 4067 sednon
1063 3997 1250 4093 indignum
1266 4008 1385 4067 tamen

258 4121 404 4215 jndico,
430 4122 510 4214 qui,
538 4122 577 4190 in
596 4121 719 4191 eodem
733 4129 940 4217 argumento
961 4132 1137 4203 versatus,
1164 4099 1244 4191 cum
1257 4120 1384 4189 duum-

261 4247 347 4315 viris
373 4244 447 4313 illis
472 4255 713 4338 componatur.
739 4241 862 4338 Atque
885 4245 936 4313 ita
962 4244 1095 4315 iactum
1117 4268 1191 4315 esse
1213 4246 1317 4327 seito,
1344 4257 1384 4315 ut
1472 4309 1474 4313 ,

261 4369 470 4464 fragmentis
485 4366 658 4451 erraretis,
684 4370 780 4441 brevi
790 4368 982 4463 praemissa
995 4368 1038 4439 de
1048 4373 1122 4441 vita
1132 4371 1209 4460 ejus
1219 4380 1254 4439 et
1262 4369 1399 4448 Histo:

261 4494 323 4562 riis
347 4495 661 4574 commentatione,
687 4503 883 4563 extremum
907 4491 981 4563 dari
1001 4496 1037 4563 in
1051 4492 1118 4565 hoo
1131 4493 1255 4564 libello
1266 4495 1384 4564 locum

257 4639 435 4708 Jnoserrm.
