3300 5600
805 577 866 638 119

642 917 644 920 -
783 870 896 937 xtvt.

328 1091 437 1159 ledan.
472 1093 545 1161 vlt.
578 1097 609 1160 4.
640 1099 670 1159 4.
703 1087 945 1184 (Ἀλέξανδρος)
972 1094 1026 1160 καί
1050 1087 1175 1181 γάμους
1197 1074 1406 1186 ἑνίοίησενέν

298 1184 406 1271 ludovic
431 1194 552 1264 ἑαυτοῦ
574 1221 611 1263 τε
637 1198 691 1264 καί
718 1199 782 1264 τῶν
801 1197 948 1288 ἑταίρων.
969 1191 1080 1274 Αὐτός
1100 1198 1158 1284 μὲν
1176 1202 1242 1267 τῶν
1262 1199 1404 1292 Δαρείου

295 1297 461 1386 θυγατέρων
486 1292 543 1388 την
570 1294 798 1391 πρεσβυτάτην
822 1300 985 1391 Βαρσίνην
1008 1292 1159 1390 η’γυίγετσ·
1185 1299 1232 1379 ὠς
1259 1303 1296 1371 δὲ
1321 1303 1407 1391 λέγει

294 1387 596 1489 Ἀριστόβουλος,
613 1403 666 1470 καί
683 1396 780 1494 ἄλλην
798 1398 884 1494 πρὸς
896 1398 1013 1494 ταύτῃ,
1027 1397 1198 1490 τῶνὬχου
1214 1407 1406 1497 θυγατέρων

293 1494 510 1594 ιη’ννεωτᾶσην,
526 1499 724 1596 Παρύσατιν.
735 1501 819 1596 Ἤδη
841 1506 878 1574 δὲ
893 1497 930 1596 ἦν
945 1500 1034 1594 αὐτῳ
1051 1502 1168 1599 ἠγμένη
1181 1508 1234 1574 καί
1247 1533 1266 1597 η
1277 1500 1405 1598 '05de-

291 1625 333 1670 τυυ
348 1610 402 1674 τσῦ
420 1609 582 1699 Βακτρίου
604 1615 696 1692 oseis,
716 1603 864 1700 Ῥωξάνη.

244 1720 258 1751 ’-
321 1713 521 1800 Nuptiarum,
546 1740 624 1805 quas
644 1741 672 1785 a.
694 1721 760 1784 324
779 1718 959 1782 Alexander
973 1719 1060 1783 Susis
1079 1741 1193 1804 magna
1212 1718 1403 1782 solennitate

284 1818 459 1901 'celebrarit,
477 1825 582 1910 ampla
593 1836 696 1898 exstat
708 1825 850 1891 Gbaretis
868 1824 1062 1910 descriptio,
1086 1824 1178 1908 cujus
1192 1824 1262 1889 ride
1273 1826 1399 1910 Fragm.

254 2006 257 2013 Ι
288 1921 369 1994 XVII.
391 1927 568 1993 Bar-sinen
586 1931 695 2010 illam,
716 1932 803 1995 Darii
828 1930 923 1995 liliam
949 1942 1025 1995 natu
1045 1931 1216 2013 majorem,
1236 1953 1319 1995 unus
1339 1931 1401 2006 Ar·

244 2072 247 2101 ,
288 2028 372 2097 danus
396 2034 459 2102 boc
480 2037 608 2100 nomine
633 2039 794 2124 appellat.
820 2038 919 2102 ceteri
942 2059 1050 2101 omnes
1071 2036 1247 2104 Statiram
1270 2051 1400 2104 vocant:

244 2118 246 2173 ἴ
287 2132 428 2210 stataet.
453 2141 531 2209 Va.
554 2143 652 2210 Αιιτ.
672 2146 773 2223 xxx,
801 2145 897 2211 orat.
917 2144 956 2208 ιι
975 2142 1072 2208 Area.
1091 2145 1133 2211 u.
1156 2147 1195 2223 e,
1221 2145 1313 2211 oxea.
1334 2146 1398 2212 sic.

286 2238 368 2314 llll.
388 2251 470 2330 107,
490 2251 637 2316 Memnon
652 2275 704 2337 ap.
721 2251 813 2318 Pbot.
834 2251 928 2316 Bidl.
947 2274 980 2337 p.
1001 2253 1066 2315 224
1086 2274 1104 2315 a
1124 2251 1326 2330 26‚Curtius
1341 2253 1397 2320 IV.

285 2351 468 2431 t.1‚tustin.
482 2358 555 2438 XII.
580 2363 631 2424 10.
655 2359 790 2423 Tantum
805 2347 977 2445 Ἀρσινόην
987 2357 1074 2444 apud
1084 2358 1254 2422 Arrianum
1266 2357 1398 2422 Photius

282 2450 376 2542 legisse
401 2462 539 2543 ridetur,
571 2487 605 2549 p.
637 2467 679 2530 68
705 2465 726 2528 b
755 2468 788 2530 7.
820 2466 846 2530 Ε
876 2487 941 2551 quo
964 2467 1156 2551 scriptorum
1176 2486 1332 2530 consensu
1353 2476 1399 2529 est

281 2565 350 2644 quod
369 2569 538 2652 conjicias,
567 2592 674 2635 errare
699 2571 889 2651 Arrianum,
911 2584 1105 2637 commutata
1131 2571 1218 2637 Darii
1240 2571 1307 2636 filia
1324 2594 1396 2637 cum

280 2667 356 2739 tidua
374 2677 543 2756 Mentoris,
568 2700 664 2764 quam
688 2680 840 2742 Barsinen
860 2679 977 2743 dictam
1002 2677 1181 2743 Alexander
1199 2679 1305 2741 uxoris
1324 2678 1397 2743 loco

277 2767 393 2861 habuit,
427 2793 507 2848 teste
530 2784 715 2849 Aristobulo
742 2787 868 2873 Fragm.
897 2787 927 2850 X
956 2809 988 2872 p.
1013 2788 1069 2866 77,
1101 2785 1156 2849 ubi
1190 2784 1260 2848 vide
1285 2796 1394 2850 annot.

275 2878 359 2952 litem
382 2890 476 2955 aliter
505 2890 626 2955 dirimit
651 2893 831 2978 Droysenus
860 2916 894 2978 p.
924 2894 1007 2971 497,
1033 2892 1120 2956 Darii
1146 2890 1264 2969 filiam,
1294 2911 1395 2977 quum

274 2984 363 3059 Persis
382 2994 544 3061 diceretur
565 2999 702 3078 Statim,
729 3010 862 3084 nuptam
882 2997 1080 3076 Alexandro,
1105 2994 1271 3062 Graecum
1294 2996 1395 3084 (quod

272 3100 373 3166 vetlem
390 3101 566 3190 probasset)
589 3106 734 3168 Barsines
749 3129 774 3172 s.
789 3106 938 3169 Arsinoes
952 3126 1066 3169 nomen
1080 3103 1251 3189 sumpsisse
1267 3114 1392 3189 putatne.

270 3201 440 3280 Pariterde
451 3211 612 3296 Parysati,
634 3210 716 3276 Ochi
729 3234 753 3277 s.
764 3200 969 3291 Artaxerxis,
990 3212 1046 3297 qui
1059 3222 1131 3274 ante
1142 3209 1274 3273 Darium
1290 3210 1393 3273 Persis

268 3318 424 3403 regnavit,
445 3316 530 3395 filia,
548 3327 640 3403 capta
662 3341 725 3383 una
747 3341 822 3382 cum
842 3320 929 3383 Darii
947 3329 1047 3381 matre
1065 3329 1096 3380 et
1112 3316 1274 3379 sororibus
1290 3316 1391 3401 (Curt.

263 3420 386 3491 111.13.
402 3423 479 3505 12),
499 3423 577 3487 alibi
595 3424 674 3488 nihil
688 3425 865 3511 quidquam
880 3426 1034 3511 scriptum
1046 3424 1181 3510 reperio.
1207 3423 1274 3486 Nec
1287 3434 1391 3485 tamen

262 3528 340 3595 barte
360 3531 417 3617 qui
436 3531 476 3594 ab
494 3530 674 3595 Alexandro
695 3555 757 3595 uon
776 3532 1011 3624 duetam'esse,
1032 3531 1086 3595 sed
1108 3552 1164 3615 pro
1184 3550 1282 3593 uxore
1300 3527 1401 3620 babi-¹

258 3646 320 3701 tarn
350 3635 520 3718 conjiciat,
547 3638 714 3721 probabile
737 3639 818 3725 quid
846 3638 1006 3721 conjicere
1037 3637 1161 3701 videtur
1185 3657 1194 3700 t
1219 3634 1281 3699 boo
1309 3637 1391 3700 eninr

251 3743 410 3808 'disertum
428 3754 474 3806 est
494 3744 593 3827 ipsius
616 3746 792 3826 Aristobuli
811 3744 834 3812 l.
856 3746 878 3811 l.
896 3744 935 3809 de
953 3744 1132 3812 Alexandro
1157 3742 1389 3806 testimouium:

253 3840 322 3919 Οὔκ
344 3838 443 3934 ἄλλην
464 3840 542 3933 ἔγνω
564 3854 696 3933 γυναῖκα
717 3843 784 3938 πρὸ
807 3838 927 3935 γάμου,
950 3844 1033 3938 πλην
1054 3847 1226 3937 Βαρσίνης.
1254 3848 1325 3913 Alia
1343 3871 1391 3912 res

251 3965 301 4021 est
325 3952 366 4018 de
389 3955 536 4033 Roxane,
560 3952 712 4041 καίλιστγγ
734 3955 797 4044 τῶν
819 3945 980 4019 Ἀσιανῶν
1001 3953 1168 4039 γυναικῶν,
1194 3955 1286 4038 cujus
1308 3957 1391 4020 risse

248 4083 363 4129 amore
389 4061 434 4124 ita
463 4071 575 4146 captus
606 4071 653 4122 cst
680 4059 877 4140 Alexander,
911 4062 1075 4124 utstatim
1102 4061 1163 4124 sibi
1192 4062 1391 4127 matrimonio

243 4171 419 4256 jungeret3
445 4166 533 4252 quod
556 4177 695 4253 quatuor
719 4167 808 4230 annis
835 4179 908 4231 ante
931 4166 1112 4246 acciderat,
1134 4190 1231 4232 verno
1249 4180 1391 4254 temporo

245 4301 281 4342 a.
301 4275 380 4340 328.
405 4271 487 4342 Vide
504 4274 632 4340 Arrian.
653 4273 710 4341 lv.
738 4276 791 4340 19.
810 4278 849 4354 53
867 4273 1029 4367 lfflutarcb.
1049 4272 1084 4339 V
1086 4276 1125 4339 it.
1138 4274 1235 4338 Αίσυ.
1256 4273 1389 4354 xtth,

246 4383 353 4449 Orat.
374 4380 403 4446 Ι.
423 4381 536 4457 11,11.
554 4385 593 4461 63
617 4380 706 4446 Gurt.
721 4379 799 4447 vffl.
814 4382 846 4447 4.
865 4384 906 4447 23
931 4402 1016 4468 sqq„
1036 4382 1125 4447 alios.
1150 4383 1274 4446 Mortuo
1293 4379 1392 4445 Alex-

244 4486 376 4565 andro,
403 4485 554 4551 Statiram
580 4490 710 4552 Roxane
738 4508 859 4553 veneno
882 4491 1022 4569 necarit;
1049 4486 1135 4574 quod
1164 4498 1391 4575 commemorat

245 4592 417 4694 Plutarch.
441 4590 479 4661 V
477 4596 516 4659 it.
537 4593 635 4661 Alex.
655 4592 807 4662 LXXVII.
