3300 5600
847 588 891 651 90

311 763 385 832 Vn.
410 762 507 829 Aue.
527 759 667 829 XXVIII
687 763 792 847 iprum
819 757 1036 826 Alexandrum
1056 757 1151 844 fingit
1171 779 1298 825 versum
1317 758 1459 852 Ηοῑιιο-

289 875 410 937 vuicum
431 867 552 958 (Iliad.
572 868 609 932 ll.
627 864 705 953 tto)
729 866 949 933 adulatoribus
969 863 1079 929 amicir
1093 863 1204 946 jocose
1220 866 1449 951 objicientem,

306 974 423 1063 Πίργῇ
441 964 629 1059 περιπεσών
650 961 719 1038 aiud
740 961 953 1054 τοξεύματος,
975 970 1099 1056 inquit,
1121 967 1177 1035 καί
1192 962 1368 1060 περιαίρῆς
1383 997 1444 1058 γε.

305 1067 461 1160 τέμενος·
484 1073 624 1140 «Τοῦτο
640 1070 721 1158 μέν,
741 1063 845 1150 εἶπεν,
868 1061 895 1137 oi
914 1070 1041 1160 φίλοι,
1062 1065 1106 1140 cd
1131 1070 1222 1161 ῥέον
1241 1065 1351 1157 αἷμα,
1370 1075 1438 1140 καί

278 1205 283 1245 ι
306 1172 376 1246 οὐκ
396 1169 506 1266 ἰχοίρ,
529 1167 693 1264 οἷόσπερ
715 1198 758 1241 τε
780 1174 863 1264 ῥέει
883 1164 1105 1264 μακάρεσσι
1126 1178 1313 1244 θεοῖσιν.»
1338 1179 1431 1260 Quod
1481 1217 1482 1220 =

307 1298 408 1372 quum
428 1283 556 1371 iugenio
576 1280 752 1349 Alexandri
776 1282 931 1346 nonsatis
955 1279 1231 1347 accommodatum
1259 1282 1425 1362 videretur,
1478 1282 1482 1339 ί

306 1393 462 1477 Diogenes
476 1390 584 1456 iamt.
603 1390 660 1457 IX.
679 1390 734 1455 10.
751 1390 807 1466 60,
827 1386 992 1453 Plutarchi
1009 1388 1424 1476 testimouiummpernatue,
1478 1453 1481 1461 ,

304 1497 391 1562 idem
406 1507 557 1584 tanquam
574 1495 778 1581 Anaxagorae
788 1492 912 1559 dictum
922 1494 1191 1560 commemorarit.
1206 1483 1425 1581 Ἁλέξανδρον,

302 1605 365 1682 ait,
386 1591 533 1684 οἰόμενον
554 1589 724 1664 εἷναιθεὸν
744 1595 948 1688 ἐπέτρεψεν·
967 1590 1100 1686 Ἐπειὸἠ
1116 1589 1177 1684 γὰρ
1200 1591 1236 1663 tt
1251 1618 1335 1671 τινος
1349 1595 1427 1682 τίη·

300 1696 464 1796 ,γῆςῑεῖιίεν
485 1694 575 1786 αὐτῷ
595 1698 772 1790 καταρρέον
791 1694 886 1784 αἷμα,
911 1698 1021 1779 δείξας
1048 1700 1090 1788 τῇ
1114 1698 1202 1789 χειρὶ
1222 1692 1310 1788 repis·
1328 1687 1431 1770 οέιόν,

303 1827 414 1899 φησι·
440 1829 455 1863 «
468 1802 584 1872 Τουτὶ
604 1804 672 1890 μέν
694 1797 791 1884 αἷμα
811 1828 841 1871 ιι.
861 1828 890 1870 τ.
912 1803 963 1870 λ.»
990 1806 1080 1887 Quae
1102 1806 1245 1872 narratio
1271 1807 1434 1892 aliquanto

304 1913 437 2002 quidem
463 1911 659 1998 probabilior
685 1909 721 1974 fit
745 1922 853 1976 cetera
879 1911 1023 1994 ejusdem
1044 1912 1228 1999 philosophi
1247 1909 1438 1983 dicteriain

301 2018 519 2096 Alexandrum
536 2017 656 2099 jactata
682 2019 862 2102 reputanti,
888 2039 1027 2104 quorum
1051 2021 1227 2086 meminere
1246 2015 1442 2085 Plutarchus

303 2124 380 2196 Vir.
403 2123 501 2192 Αίου.
524 2123 547 2191 l.
565 2124 605 2203 l.‚
629 2121 742 2209 Symp.
764 2125 822 2190 IX.
848 2126 934 2201 1.2;
960 2127 1053 2212 Diog.
1070 2127 1175 2195 Laert.
1200 2127 1223 2195 l.
1240 2126 1287 2206 1.,
1311 2123 1444 2191 Aulion·
1481 2180 1482 2189 ,

303 2231 348 2302 V.
366 2233 407 2298 Η.
425 2233 482 2299 IX.
505 2233 566 2311 373
590 2230 645 2294 sed
667 2241 770 2294 tamen
795 2253 1001 2318 nequaquam
1026 2233 1218 2299 conciliatur
1241 2231 1344 2297 verbis
1364 2226 1445 2295 dr*

304 2340 383 2405 riani
402 2339 460 2407 IV.
482 2339 535 2403 10.
552 2341 657 2422 osqq.
675 2347 706 2400 et
718 2337 849 2400 Luciani
861 2337 900 2401 de
919 2337 1044 2404 Peroe.
1061 2337 1199 2418 XXXV,
1220 2359 1325 2425 neque
1337 2335 1449 2400 ctiam

301 2446 339 2509 iis
363 2466 446 2530 quae
467 2443 643 2508 Aristobuli
664 2442 842 2529 fragmento
868 2443 1049 2509 Athenaeus
1066 2445 1239 2531 praemisit.
1272 2445 1317 2509 Ne
1333 2419 1451 2529 igitur

301 2553 335 2615 in
352 2559 438 2615 tanta
457 2550 647 2634 scriptorum
666 2546 824 2613 discordia
848 2551 928 2614 certi
947 2549 1024 2636 quid
1047 2561 1220 2617 statuentes
1240 2550 1355 2631 nubem
1369 2555 1452 2632 pro

300 2658 427 2722 lunone
449 2655 696 2741 amplectamur,
714 2677 749 2718 re
767 2655 925 2740 insmedio
946 2657 1077 2734 relicta,
1096 2657 1206 2743 paucis
1221 2654 1262 2720 de
1280 2655 1454 2739 Dioxippo

304 2763 481 2842 rideamus,
509 2783 527 2826 a
552 2782 617 2847 quo
640 2759 804 2826 adulatore
822 2761 1023 2828 Aristobulus
1044 2751 1166 2829 dietum
1193 2761 1275 2828 illud
1295 2755 1453 2849 repetiit·

302 2872 371 2936 Non
398 2869 477 2933 alius
498 2880 545 2933 est
567 2889 664 2953 quem
686 2867 831 2954 designat
852 2868 975 2933 Plinius
1000 2868 1040 2934 H.
1066 2867 1109 2936 Ν.
1135 2871 1268 2939 XXXV.
1290 2872 1342 2937 40.
1362 2863 1410 2930 32
1446 2872 1452 2913 ²

306 2974 538 3041 «Alcimachus
558 2976 660 3060 pinxit
678 2974 890 3060 Dioxippum,
910 2974 967 3061 qui
990 2977 1154 3061 pancratio
1176 2976 1325 3064 Olympia
1351 2972 1449 3036 citra
1481 3063 1482 3068 γ

302 3082 442 3167 pulveris
456 3093 577 3146 tactum
596 3078 696 3168 (quod
716 3092 829 3145 vocant
847 3079 976 3167 aconiti)
1000 3082 1075 3147 vicit
1094 3105 1101 3146 :
1123 3082 1222 3147 coniti
1237 3082 1393 3147 Nemeaea.
1417 3084 1445 3128 θ)

303 3187 469 3275 Pogttem
498 3185 645 3251 nobilem
671 3199 703 3251 et
735 3188 772 3251 ob
803 3189 967 3251 eximiam
998 3191 1164 3253 virtutem
1187 3190 1321 3253 virium
1344 3169 1444 3268 Regi

299 3306 482 3382 pernotum
500 3308 532 3359 ct
559 3306 707 3381 gratum
728 3294 856 3360 Curtius
874 3305 964 3358 vocat
981 3295 1038 3362 lx.
1057 3299 1089 3362 7.
1113 3298 1167 3363 16.
1190 3295 1238 3362 cf.
1256 3292 1347 3361 lliod.
1363 3287 1433 3354 Sic·

303 3401 502 3469 XVIl.100.
526 3398 615 3465 Obiit
626 3400 722 3487 paulo
744 3410 814 3485 post
833 3399 1000 3465 victoriam
1029 3399 1069 3465 de
1091 3402 1193 3469 Mollis
1223 3408 1427 3489 reportatama

301 3530 332 3573 a.
361 3509 596 3588 326exeunte3
617 3528 683 3594 quo
702 3505 796 3571 modo
814 3527 944 3591 quaque
965 3505 1004 3570 de
1027 3528 1136 3586 causa,
1169 3518 1332 3593 exponunt
1353 3493 1429 3568 Gur-⁵
1477 3496 1482 3557 ί

303 3615 381 3693 tius,
407 3612 563 3678 Diodorus
584 3613 607 3682 l.
637 3613 660 3679 l.
688 3624 720 3676 et
742 3611 893 3677 Aelianus
915 3609 959 3681 V.
980 3612 1021 3677 H.
1046 3614 1087 3680 X.
1114 3614 1170 3681 22.
1206 3593 1303 3694 Plura
1329 3610 1365 3678 do
1386 3619 1418 3667 0⁰
1475 3602 1482 3642 ί

304 3719 374 3784 vide
401 3721 576 3810 inflKrausii
603 3742 699 3808 opere
721 3720 884 3806 Olympia
900 3742 934 3805 p.
954 3721 1020 3784 274
1039 3741 1087 3805 sq.
1472 3716 1482 3876 ρ

815 3984 917 4048 xxx.
1478 3934 1482 3971 ‘

346 4194 459 4260 Strabo
481 4194 541 4263 XV
564 4217 595 4281 p.
620 4195 709 4258 1040
731 4194 897 4258 n-1041
915 4191 952 4259 Β.
985 4178 1292 4279 Ἀριστόβουλος
1316 4180 1426 4253 crivit

307 4296 458 4378 Ταξίλοις
479 4297 646 4387 σοφιστῶν
667 4295 747 4363 ἰδεῖν
776 4288 835 4362 δύο
864 4294 962 4385 φησί,
989 4283 1186 4381 ’Βραχμάνας
1213 4284 1429 4381 ἀμφοτέρους,

288 4393 444 4483 τὸνμὲν
471 4391 695 4489 πρεσβύτερον
720 4397 925 4488 ἐξυρημένον,
957 4391 1014 4465 τον
1038 4395 1075 4463 δέ
1102 4386 1264 4488 νεώτερον,
1284 4384 1432 4485 neurim,

304 4495 505 4593 ἀμφοτέροις
526 4495 753 4569 denotentur
772 4492 944 4590 μαθητάς.
966 4494 1030 4568 mlv
1049 4498 1108 4584 μέν
1129 4487 1186 4565 οὖν
1206 4489 1302 4565 ἄλλον
1324 4487 1435 4587 χρόνον

302 4596 372 4671 κατ’
392 4598 512 4695 ἆγοροίν
525 4601 723 4695 διατρίβειν,
745 4604 945 4689 τιμωμένους
967 4596 1037 4670 ἀντὶ
1057 4602 1076 4682 ξ
1082 4602 1266 4685 vennone,
1289 4598 1437 4679 ἐξουσίαν
