3300 5600
801 615 863 676 114

264 787 374 857 σαίσυ·
394 779 533 861 τούτους
553 782 612 867 μὲν
630 783 834 860 Πελλαίους·
854 783 1039 873 Περδίκκαν
1060 785 1098 852 δὲ
1118 783 1311 876 Ὀρόντου,
1294 795 1392 882 exsp}

262 885 458 982 Ὀρέστιδσς·
483 887 689 970 Πνολεμαῐυν
710 880 806 954 δὲ
767 911 823 954 τον
845 878 960 974 Λάγου
981 887 1036 954 καί
1057 889 1219 956 Πείθωνα
1239 887 1385 981 Κρατεύα,

260 989 459 1084 Ἐορδαίους
494 982 610 1078 ὄγδοον
637 989 674 1057 δὲ
705 989 950 1082 προσγενέσθαι
981 984 1093 1067 αὐτοῖς
1123 993 1316 1078 Πευκέστα,
1334 995 1384 1064 σίν

260 1090 481 1186 Αλεξάνδρου
507 1088 787 1186 ὑπερασπίσαντα.

305 1207 352 1269 De
368 1202 539 1270 Alexandri
556 1202 839 1268 comessationibus
858 1223 915 1287 per
935 1203 1133 1268 Carmaniam
1155 1205 1209 1271 off.
1230 1226 1308 1291 qnos
1325 1196 1378 1270 lau·

204 1346 207 1351 ·
261 1311 333 1376 davi
358 1311 399 1376 ad
427 1308 557 1375 Dus-id.
584 1307 674 1373 Rau.
708 1329 738 1393 p.
773 1310 828 1373 95.
871 1308 936 1372 llas'
962 1321 1167 1394 exaggeratas
1196 1312 1376 1398 quorundam

261 1420 452 1505 scriptorum
469 1416 683 1494 narrationes,
704 1415 880 1478 Ptolemaei
891 1427 922 1479 et
934 1416 1111 1480 Aristoboli
1129 1420 1315 1482 testimoniis
1330 1414 1376 1481 hoo

260 1526 414 1604 firmatas,
441 1534 478 1587 ut
509 1521 651 1607 explodit
680 1522 701 1586 l.
724 1518 745 1587 l.
767 1521 939 1601 Arrianus,
963 1523 1007 1585 ita
1035 1525 1132 1587 unice
1153 1524 1310 1589 credenda
1327 1545 1376 1588 esse

260 1633 435 1710 existimat,
457 1651 541 1717 quae
563 1627 603 1691 de
622 1627 735 1690 iisdem
756 1627 848 1691 festis
868 1629 1070 1692 Aristobulus
1096 1633 1271 1696 memoriae
1290 1629 1375 1717 prodi·

259 1738 327 1811 dit„
341 1740 378 1803 ln
402 1738 520 1823 quihus
536 1737 655 1826 mirum
673 1746 720 1797 cst
738 1734 862 1799 nullam
875 1734 943 1797 ficri
956 1735 1093 1798 Nearchi
1111 1739 1319 1814 mentionem,
1334 1735 1375 1823 qui

258 1845 307 1909 his
331 1845 407 1930 ipsis
436 1843 547 1908 diebus
574 1841 614 1905 ad
639 1842 837 1906 Carruaniam
857 1863 932 1905 oum
958 1844 1058 1906 classo
1076 1845 1230 1928 appulsus
1252 1855 1283 1908 et
1299 1845 1376 1930 Regis

190 1983 194 1996 ·
259 1950 413 2036 gaudium
436 1962 467 2014 et
489 1951 644 2012 festorum
664 1947 858 2012 hilaritatem
890 1949 975 2012 salvo
995 1970 1053 2013 suo
1075 1949 1215 2015 adventu
1233 1951 1375 2037 inprimis

258 2070 406 2137 auxerat,
429 2069 465 2121 ut
486 2079 523 2122 ex
540 2053 686 2118 Nearcho
707 2055 776 2138 ipso
794 2055 893 2118 relert
912 2056 1065 2119 Arrianus
1077 2056 1185 2123 Inds'o.
1203 2058 1373 2126 XXXVM.

258 2166 305 2230 De
317 2151 596 2251 Σωματοφιίλαξιν
610 2161 800 2241 Alexandri,
821 2163 939 2249 quihus
962 2175 1027 2225 turn
1039 2173 1171 2248 propter
1184 2166 1343 2251 egregium
1351 2165 1374 2227 in

258 2272 359 2338 llallis
379 2272 502 2336 lacinus
524 2268 652 2332 additus
671 2279 718 2331 est
738 2269 923 2349 Peucestes,
950 2267 1147 2333 Alexandri
1172 2271 1221 2336 M.
1244 2282 1374 2336 serrator

261 2381 317 2469 (cl.
346 2389 454 2443 annot.
469 2375 515 2440 'ad
537 2375 672 2441 Ptolem.
700 2377 827 2461 Fragm.
853 2377 961 2440 XXllI
985 2400 1017 2464 p.
1045 2374 1116 2463 46).
1143 2385 1284 2443 nonest
1308 2373 1375 2465 quod

257 2486 368 2550 multis
380 2484 495 2548 dicam.
509 2481 641 2560 Pithon,
664 2480 739 2568 (oon
753 2481 894 2568 Python,
918 2494 953 2547 ut
966 2483 1063 2547 verbo
1081 2485 1191 2547 monui
1204 2483 1244 2548 ad
1260 2485 1372 2550 Ptolem.

257 2597 384 2678 Pragm.
410 2589 516 2657 XXIV
540 2611 572 2673 p.
600 2586 655 2673 47)
680 2589 764 2651 male
792 2599 824 2652 et
851 2590 884 2651 iu
912 2587 1020 2655 India.
1047 2592 1151 2660 XVII.
1181 2595 1202 2656 6
1226 2583 1374 2679 ὁΚρανεᾶ

257 2710 390 2764 vocatur
412 2708 444 2760 et
466 2697 498 2763 h.
524 2695 545 2761 l.
566 2693 735 2759 dicebatur
754 2706 826 2758 ante
855 2695 1069 2776 Ellendtium,
1100 2700 1156 2784 q-ui
1175 2710 1263 2764 recte
1282 2693 1374 2761 rescri-

257 2809 319 2895 psit
341 2793 549 2894 ὁ,Κραιεία,
572 2813 608 2866 ut
632 2803 727 2866 hodie
749 2814 796 2867 est
814 2824 866 2888 ap.
891 2803 983 2868 Phot.
1008 2801 1100 2870 Bibl.
1129 2828 1162 2891 p.
1185 2809 1230 2872 69
1250 2830 1268 2871 a
1290 2807 1326 2869 14
1347 2819 1373 2862 01

257 2912 478 2978 emendatione
508 2909 660 2975 Bcklxeri.
695 2910 748 2973 Sic
779 2898 951 2995 Κραναίας
978 2911 1139 2976 celebrata
1170 2924 1217 2976 est
1255 2905 1373 2977 Alexidis

256 3021 382 3099 fabula,
403 3018 488 3084 dicta
507 3018 672 3083 aGrateua
691 3015 835 3095 medico,
860 3028 891 3079 et
902 3018 1056 3082 Crotonae
1068 3020 1195 3083 serioris
1207 3021 1373 3084 aetatisme·

257 3127 322 3192 dici
339 3116 527 3213 ῥιζοιομικδ
545 3124 650 3189 Plinio
667 3124 848 3209 saepissime
865 3125 937 3187 usui
956 3125 1046 3189 fuere
1064 3126 1212 3213 aliisque.
1248 3127 1293 3193 Cf.
1315 3117 1376 3188 ttri-

256 3233 344 3298 nekii
363 3231 455 3296 Hirr,
475 3210 554 3296 erit.
575 3233 686 3295 comio.
708 3252 741 3315 p.
765 3232 830 3294 395
849 3252 897 3318 sq.
923 3231 1067 3295 Eundem
1086 3232 1261 3317 significari
1280 3241 1374 3318 putea

257 3340 365 3406 Schol.
384 3339 519 3406 Theocr.
545 3338 650 3423 Idylt.
669 3339 711 3403 ll.
732 3340 790 3415 48,
816 3337 940 3417 9592,
959 3339 1016 3406 ΧΙ.
1041 3342 1095 3407 46.
1121 3340 1227 3403 Semel
1246 3328 1377 3426 ΚρασίνῑίΙ

256 3450 350 3513 datur
370 3445 494 3510 medico
514 3468 629 3509 nomen
649 3446 682 3507 in
695 3444 836 3509 Anthol.
858 3441 974 3509 Graec.
987 3447 1043 3513 Xl.
1060 3451 1136 3515 125.
1161 3448 1277 3512 Contra
1293 3444 1374 3509 Mace·

256 3555 393 3620 donibus
405 3542 574 3636 Κρασείας
585 3572 700 3614 nomeu
712 3562 759 3614 est
771 3571 822 3635 ap.
835 3550 1001 3619 Plutarch.
1022 3554 1140 3618 Amat.
1153 3553 1280 3631 XXlll,
1298 3538 1374 3614 Diod·

255 3663 321 3727 Sic.
336 3653 429 3724 XIX.
451 3659 514 3737 50,
539 3657 662 3724 Aelian.
686 3655 729 3722 V.
748 3657 789 3721 Η.
810 3657 900 3725 Vltt.
924 3660 956 3725 9.
989 3658 1106 3726 Pithon
1124 3659 1285 3745 denique,
1309 3654 1337 3719 h.
1357 3646 1373 3709 ί·

252 3758 417 3855 ΊΚορδαῖος
444 3755 640 3850 appellatus,
677 3760 786 3827 India.
811 3765 931 3833 XVIII.
960 3769 980 3829 6
1014 3747 1239 3847 Ἀλκομενεδςι
1256 3749 1374 3838 dicitur,

256 3893 353 3960 quem
371 3869 498 3935 Arriani
520 3891 660 3935 errorem
676 3870 742 3954 jam
762 3870 853 3957 tetigi
874 3894 906 3956 p.
930 3875 961 3937 4.

771 4053 865 4133 xtv'.

298 4240 425 4305 Arriau.
450 4238 506 4307 Vl.
530 4175 586 4303 tu.
613 4241 752 4304 4-11,
784 4226 969 4325 Ἑλίσησον
985 4228 1082 4306 αὐτόν
1112 4220 1383 4326 (’Λλίξανδρον)ῆ

254 4334 488 4432 παρανομία
467 4368 488 4431 η
515 4339 552 4416 ἐς
573 4335 629 4408 τόν
650 4335 762 4431 Κίρου
782 4340 843 4407 cori
864 4330 1046 4425 Καμβύσου
1065 4327 1256 4427 climentiae
1277 4341 1386 4460 dsppst'·

254 4444 409 4534 (scyphos
432 4468 469 4511 τε
492 4444 546 4511 καλ
576 4443 788 4533 σεσυλημένον
807 4441 965 4527 κατέλαβε
980 4444 1045 4509 rori
1065 4434 1179 4532 Κύρου
1200 4434 1258 4509 τὸν
1274 4434 1387 4533 τάφον,

254 4542 344 4623 etot
345 4547 411 4634 ἐγει
434 4538 815 4637 Ἀριστόβουλος.Ε
812 4540 876 4614 ίναι
901 4541 962 4636 γαρ
984 4545 1017 4613 ἓν
1035 4536 1275 4635 Πασαργαδαις
1292 4543 1389 4613 ἐν
1345 4559 1389 4631 σῳ

254 4653 447 4742 παραδείσῳ
469 4652 519 4737 τῷ
535 4651 699 4736 ’βασιλικῷ
719 4642 833 4740 Κύρου
856 4649 977 4719 ἐκείνου
993 4640 1111 4739 σάρον,
1128 4648 1187 4716 καί
1201 4647 1282 4738 περὶ
1297 4639 1394 4717 adres
