<?xml version="1.0" encoding="UTF-8"?>
<!DOCTYPE html PUBLIC "-//W3C//DTD XHTML 1.0 Transitional//EN"
    "http://www.w3.org/TR/xhtml1/DTD/xhtml1-transitional.dtd">
<html xmlns="http://www.w3.org/1999/xhtml" xml:lang="en" lang="en">
 <head>
  <title>
</title>
<meta http-equiv="Content-Type" content="text/html;charset=utf-8" />
  <meta name='ocr-system' content='tesseract 3.04.00' />
  <meta name='ocr-capabilities' content='ocr_page ocr_carea ocr_par ocr_line ocrx_word'/>
</head>
<body>
  <div class='ocr_page' id='page_1' title='image "./ptolemaeieordae00ptolgoog/ptolemaeieordae00ptolgoog_0163.png"; bbox 0 0 3300 5600; ppageno 0'>
   <div class='ocr_carea' id='block_1_1' title="bbox 794 598 857 662">
    <p class='ocr_par' dir='ltr' id='par_1_1' title="bbox 794 598 857 662">
     <span class='ocr_line' id='line_1_1' title="bbox 794 598 857 662; baseline 0.032 -2"><span class='ocrx_word' id='word_1_1' title='bbox 794 598 857 662; x_wconf 80' lang='lat'><strong>139</strong></span> 
     </span>
    </p>
   </div>
   <div class='ocr_carea' id='block_1_2' title="bbox 253 767 1460 3190">
    <p class='ocr_par' dir='ltr' id='par_1_2' title="bbox 253 767 1390 2231">
     <span class='ocr_line' id='line_1_2' title="bbox 253 767 1389 858; baseline 0 -24"><span class='ocrx_word' id='word_1_2' title='bbox 253 809 255 827; x_wconf 70' lang='grc' dir='ltr'>ι</span> <span class='ocrx_word' id='word_1_3' title='bbox 285 769 349 835; x_wconf 84' lang='lat' dir='ltr'><strong>dum</strong></span> <span class='ocrx_word' id='word_1_4' title='bbox 362 792 457 858; x_wconf 80' lang='lat' dir='ltr'><strong>ergo,</strong></span> <span class='ocrx_word' id='word_1_5' title='bbox 478 770 540 837; x_wconf 88' lang='lat' dir='ltr'><strong>boc</strong></span> <span class='ocrx_word' id='word_1_6' title='bbox 556 770 713 834; x_wconf 85' lang='lat' dir='ltr'><strong>levissimo</strong></span> <span class='ocrx_word' id='word_1_7' title='bbox 732 771 910 834; x_wconf 87' lang='lat' dir='ltr'><strong>testimonio</strong></span> <span class='ocrx_word' id='word_1_8' title='bbox 925 769 1016 849; x_wconf 79' lang='lat' dir='ltr'><strong>freti,</strong></span> <span class='ocrx_word' id='word_1_9' title='bbox 1036 790 1102 834; x_wconf 88' lang='lat' dir='ltr'><strong>rem</strong></span> <span class='ocrx_word' id='word_1_10' title='bbox 1119 767 1158 833; x_wconf 93' lang='lat' dir='ltr'><strong>ad</strong></span> <span class='ocrx_word' id='word_1_11' title='bbox 1172 768 1389 835; x_wconf 82' lang='lat' dir='ltr'><strong>Alexandrum</strong></span> 
     </span>
     <span class='ocr_line' id='line_1_3' title="bbox 283 875 1388 960; baseline -0.001 -21"><span class='ocrx_word' id='word_1_12' title='bbox 283 877 421 960; x_wconf 84' lang='lat' dir='ltr'><strong>pertinere</strong></span> <span class='ocrx_word' id='word_1_13' title='bbox 440 887 473 941; x_wconf 87' lang='lat' dir='ltr'><strong>et</strong></span> <span class='ocrx_word' id='word_1_14' title='bbox 488 897 603 942; x_wconf 91' lang='lat' dir='ltr'><strong>munus</strong></span> <span class='ocrx_word' id='word_1_15' title='bbox 620 897 706 940; x_wconf 89' lang='lat' dir='ltr'><strong>mere</strong></span> <span class='ocrx_word' id='word_1_16' title='bbox 726 875 889 940; x_wconf 89' lang='lat' dir='ltr'><strong>Persicum</strong></span> <span class='ocrx_word' id='word_1_17' title='bbox 908 875 949 940; x_wconf 91' lang='lat' dir='ltr'><strong>ab</strong></span> <span class='ocrx_word' id='word_1_18' title='bbox 968 875 1024 940; x_wconf 93' lang='lat' dir='ltr'><strong>illo</strong></span> <span class='ocrx_word' id='word_1_19' title='bbox 1040 885 1199 941; x_wconf 88' lang='lat' dir='ltr'><strong>retentum</strong></span> <span class='ocrx_word' id='word_1_20' title='bbox 1219 887 1388 960; x_wconf 88' lang='lat' dir='ltr'><strong>putemus,</strong></span> 
     </span>
     <span class='ocr_line' id='line_1_4' title="bbox 282 970 1390 1068; baseline 0.001 -24"><span class='ocrx_word' id='word_1_21' title='bbox 282 981 355 1065; x_wconf 87' lang='lat' dir='ltr'><strong>eujus</strong></span> <span class='ocrx_word' id='word_1_22' title='bbox 379 984 412 1047; x_wconf 92' lang='lat' dir='ltr'><strong>in</strong></span> <span class='ocrx_word' id='word_1_23' title='bbox 438 978 525 1048; x_wconf 84' lang='lat' dir='ltr'><strong>illius</strong></span> <span class='ocrx_word' id='word_1_24' title='bbox 550 970 682 1048; x_wconf 88' lang='lat' dir='ltr'><strong>historia</strong></span> <span class='ocrx_word' id='word_1_25' title='bbox 708 982 796 1046; x_wconf 91' lang='lat' dir='ltr'><strong>nulla</strong></span> <span class='ocrx_word' id='word_1_26' title='bbox 822 1001 957 1068; x_wconf 87' lang='lat' dir='ltr'><strong>usquam</strong></span> <span class='ocrx_word' id='word_1_27' title='bbox 984 992 1083 1047; x_wconf 84' lang='lat' dir='ltr'><strong>exstet</strong></span> <span class='ocrx_word' id='word_1_28' title='bbox 1111 981 1254 1047; x_wconf 84' lang='lat' dir='ltr'><strong>nlentiol</strong></span> <span class='ocrx_word' id='word_1_29' title='bbox 1269 981 1390 1064; x_wconf 80' lang='lat' dir='ltr'><strong>Quid?</strong></span> 
     </span>
     <span class='ocr_line' id='line_1_5' title="bbox 281 1082 1388 1174; baseline -0.001 -22"><span class='ocrx_word' id='word_1_30' title='bbox 281 1088 394 1173; x_wconf 85' lang='lat' dir='ltr'><strong>quodsi</strong></span> <span class='ocrx_word' id='word_1_31' title='bbox 414 1111 478 1154; x_wconf 91' lang='lat' dir='ltr'><strong>non</strong></span> <span class='ocrx_word' id='word_1_32' title='bbox 500 1089 622 1167; x_wconf 88' lang='lat' dir='ltr'><strong>omnia,</strong></span> <span class='ocrx_word' id='word_1_33' title='bbox 648 1099 680 1152; x_wconf 89' lang='lat' dir='ltr'><strong>at</strong></span> <span class='ocrx_word' id='word_1_34' title='bbox 701 1088 876 1174; x_wconf 87' lang='lat' dir='ltr'><strong>praecipua</strong></span> <span class='ocrx_word' id='word_1_35' title='bbox 895 1082 1119 1172; x_wconf 72' lang='grc' dir='ltr'><em>Εἰσαγγελέων,</em></span> <span class='ocrx_word' id='word_1_36' title='bbox 1136 1087 1257 1167; x_wconf 88' lang='lat' dir='ltr'><strong>officia,</strong></span> <span class='ocrx_word' id='word_1_37' title='bbox 1281 1089 1388 1174; x_wconf 93' lang='lat' dir='ltr'><strong>qualia</strong></span> 
     </span>
     <span class='ocr_line' id='line_1_6' title="bbox 280 1191 1389 1280; baseline 0.002 -23"><span class='ocrx_word' id='word_1_38' title='bbox 280 1212 332 1259; x_wconf 87' lang='lat' dir='ltr'><strong>esso</strong></span> <span class='ocrx_word' id='word_1_39' title='bbox 346 1196 378 1260; x_wconf 93' lang='lat' dir='ltr'><strong>in</strong></span> <span class='ocrx_word' id='word_1_40' title='bbox 395 1195 563 1260; x_wconf 81' lang='lat' dir='ltr'>Persarum</span> <span class='ocrx_word' id='word_1_41' title='bbox 582 1195 656 1259; x_wconf 92' lang='lat' dir='ltr'><strong>aula</strong></span> <span class='ocrx_word' id='word_1_42' title='bbox 671 1193 835 1273; x_wconf 88' lang='lat' dir='ltr'><strong>solebant,</strong></span> <span class='ocrx_word' id='word_1_43' title='bbox 859 1192 1060 1280; x_wconf 73' lang='lat' dir='ltr'><strong>praestabant</strong></span> <span class='ocrx_word' id='word_1_44' title='bbox 1076 1191 1257 1258; x_wconf 87' lang='lat' dir='ltr'><strong>Alexandro</strong></span> <span class='ocrx_word' id='word_1_45' title='bbox 1277 1201 1389 1278; x_wconf 69' lang='lat' dir='ltr'><strong>Empo-</strong></span> 
     </span>
     <span class='ocr_line' id='line_1_7' title="bbox 277 1293 1386 1388; baseline 0.004 -27"><span class='ocrx_word' id='word_1_46' title='bbox 277 1293 454 1388; x_wconf 58' lang='lat' dir='ltr'><strong>inexesa,</strong></span> <span class='ocrx_word' id='word_1_47' title='bbox 477 1301 535 1388; x_wconf 89' lang='lat' dir='ltr'><strong>qui</strong></span> <span class='ocrx_word' id='word_1_48' title='bbox 558 1298 765 1381; x_wconf 90' lang='lat' dir='ltr'><strong>dicebantur;</strong></span> <span class='ocrx_word' id='word_1_49' title='bbox 797 1298 976 1386; x_wconf 75' lang='lat' dir='ltr'><strong>praestabat</strong></span> <span class='ocrx_word' id='word_1_50' title='bbox 994 1299 1112 1384; x_wconf 91' lang='lat' dir='ltr'><strong>partim</strong></span> <span class='ocrx_word' id='word_1_51' title='bbox 1133 1321 1309 1385; x_wconf 90' lang='lat' dir='ltr'><strong>puerorum</strong></span> <span class='ocrx_word' id='word_1_52' title='bbox 1330 1321 1386 1365; x_wconf 92' lang='lat' dir='ltr'><strong>no-</strong></span> 
     </span>
     <span class='ocr_line' id='line_1_8' title="bbox 276 1390 1389 1494; baseline 0.004 -28"><span class='ocrx_word' id='word_1_53' title='bbox 276 1401 374 1470; x_wconf 89' lang='lat' dir='ltr'><strong>bilium</strong></span> <span class='ocrx_word' id='word_1_54' title='bbox 400 1407 489 1494; x_wconf 87' lang='lat' dir='ltr'><strong>regia</strong></span> <span class='ocrx_word' id='word_1_55' title='bbox 515 1403 681 1494; x_wconf 85' lang='lat' dir='ltr'><strong>cohors1).</strong></span> <span class='ocrx_word' id='word_1_56' title='bbox 713 1406 762 1470; x_wconf 89' lang='lat' dir='ltr'><strong>llle</strong></span> <span class='ocrx_word' id='word_1_57' title='bbox 780 1390 887 1492; x_wconf 70' lang='lat' dir='ltr'><strong>&#39;igitur</strong></span> <span class='ocrx_word' id='word_1_58' title='bbox 917 1405 942 1475; x_wconf 88' lang='lat' dir='ltr'><strong>si</strong></span> <span class='ocrx_word' id='word_1_59' title='bbox 971 1403 1169 1491; x_wconf 78' lang='lat' dir='ltr'><strong>gravioribus</strong></span> <span class='ocrx_word' id='word_1_60' title='bbox 1197 1405 1260 1469; x_wconf 87' lang='lat' dir='ltr'><strong>illis</strong></span> <span class='ocrx_word' id='word_1_61' title='bbox 1286 1407 1389 1471; x_wconf 86' lang='lat' dir='ltr'><strong>causis</strong></span> 
     </span>
     <span class='ocr_line' id='line_1_9' title="bbox 276 1509 1388 1598; baseline 0.004 -24"><span class='ocrx_word' id='word_1_62' title='bbox 276 1522 436 1576; x_wconf 83' lang='lat' dir='ltr'><strong>commotus</strong></span> <span class='ocrx_word' id='word_1_63' title='bbox 458 1509 633 1592; x_wconf 87' lang='lat' dir='ltr'><strong>audireris,</strong></span> <span class='ocrx_word' id='word_1_64' title='bbox 657 1512 763 1598; x_wconf 85' lang='lat' dir='ltr'><strong>potius</strong></span> <span class='ocrx_word' id='word_1_65' title='bbox 781 1511 815 1576; x_wconf 90' lang='lat' dir='ltr'><strong>in</strong></span> <span class='ocrx_word' id='word_1_66' title='bbox 838 1511 971 1576; x_wconf 91' lang='lat' dir='ltr'><strong>alteram</strong></span> <span class='ocrx_word' id='word_1_67' title='bbox 994 1522 1115 1597; x_wconf 91' lang='lat' dir='ltr'><strong>partem</strong></span> <span class='ocrx_word' id='word_1_68' title='bbox 1133 1521 1164 1574; x_wconf 91' lang='lat' dir='ltr'><strong>te</strong></span> <span class='ocrx_word' id='word_1_69' title='bbox 1183 1513 1388 1578; x_wconf 80' lang='lat' dir='ltr'><strong>converteris.</strong></span> 
     </span>
     <span class='ocr_line' id='line_1_10' title="bbox 273 1613 1388 1705; baseline 0.004 -26"><span class='ocrx_word' id='word_1_70' title='bbox 273 1613 385 1680; x_wconf 80' lang='lat' dir='ltr'><strong>Chareti</strong></span> <span class='ocrx_word' id='word_1_71' title='bbox 404 1617 489 1682; x_wconf 91' lang='lat' dir='ltr'><strong>enim</strong></span> <span class='ocrx_word' id='word_1_72' title='bbox 508 1618 719 1705; x_wconf 79' lang='lat' dir='ltr'><strong>Mytilenaeo,</strong></span> <span class='ocrx_word' id='word_1_73' title='bbox 743 1617 836 1702; x_wconf 85' lang='lat' dir='ltr'><strong>cujus</strong></span> <span class='ocrx_word' id='word_1_74' title='bbox 856 1618 939 1682; x_wconf 81' lang='lat' dir='ltr'><strong>cives</strong></span> <span class='ocrx_word' id='word_1_75' title='bbox 959 1627 1031 1681; x_wconf 89' lang='lat' dir='ltr'><strong>ante</strong></span> <span class='ocrx_word' id='word_1_76' title='bbox 1053 1614 1224 1683; x_wconf 83' lang='lat' dir='ltr'><strong>Alexandri</strong></span> <span class='ocrx_word' id='word_1_77' title='bbox 1247 1629 1388 1704; x_wconf 90' lang='lat' dir='ltr'><strong>tempora</strong></span> 
     </span>
     <span class='ocr_line' id='line_1_11' title="bbox 272 1717 1388 1811; baseline 0.003 -25"><span class='ocrx_word' id='word_1_78' title='bbox 272 1721 425 1787; x_wconf 85' lang='lat' dir='ltr'><strong>Persarum</strong></span> <span class='ocrx_word' id='word_1_79' title='bbox 440 1722 575 1810; x_wconf 91' lang='lat' dir='ltr'><strong>imperio</strong></span> <span class='ocrx_word' id='word_1_80' title='bbox 589 1724 732 1811; x_wconf 88' lang='lat' dir='ltr'><strong>paruisse</strong></span> <span class='ocrx_word' id='word_1_81' title='bbox 740 1734 866 1791; x_wconf 88' lang='lat' dir='ltr'><strong>&#39;constat</strong></span> <span class='ocrx_word' id='word_1_82' title='bbox 878 1722 916 1810; x_wconf 88' lang='lat'><strong>2),</strong></span> <span class='ocrx_word' id='word_1_83' title='bbox 933 1717 1144 1807; x_wconf 71' lang='lat' dir='ltr'><strong>llioeyyaltcss</strong></span> <span class='ocrx_word' id='word_1_84' title='bbox 1158 1722 1242 1809; x_wconf 93' lang='lat' dir='ltr'><strong>apud</strong></span> <span class='ocrx_word' id='word_1_85' title='bbox 1257 1724 1388 1789; x_wconf 86' lang='lat' dir='ltr'><strong>Darium</strong></span> 
     </span>
     <span class='ocr_line' id='line_1_12' title="bbox 269 1827 1389 1918; baseline 0.001 -25"><span class='ocrx_word' id='word_1_86' title='bbox 269 1827 438 1894; x_wconf 87' lang='lat' dir='ltr'><strong>mandatam</strong></span> <span class='ocrx_word' id='word_1_87' title='bbox 458 1830 557 1894; x_wconf 86' lang='lat' dir='ltr'><strong>fuisse</strong></span> <span class='ocrx_word' id='word_1_88' title='bbox 581 1832 741 1917; x_wconf 83' lang='lat' dir='ltr'><strong>suspicor3</strong></span> <span class='ocrx_word' id='word_1_89' title='bbox 774 1841 883 1918; x_wconf 90' lang='lat' dir='ltr'><strong>postea</strong></span> <span class='ocrx_word' id='word_1_90' title='bbox 904 1849 997 1909; x_wconf 82' lang='lat' dir='ltr'><strong>vero,</strong></span> <span class='ocrx_word' id='word_1_91' title='bbox 1022 1849 1096 1893; x_wconf 88' lang='lat' dir='ltr'><strong>cum</strong></span> <span class='ocrx_word' id='word_1_92' title='bbox 1113 1828 1183 1893; x_wconf 89' lang='lat' dir='ltr'><strong>aliis</strong></span> <span class='ocrx_word' id='word_1_93' title='bbox 1201 1828 1337 1895; x_wconf 89' lang='lat' dir='ltr'><strong>ducibus</strong></span> <span class='ocrx_word' id='word_1_94' title='bbox 1357 1840 1389 1894; x_wconf 91' lang='lat' dir='ltr'><strong>et</strong></span> 
     </span>
     <span class='ocr_line' id='line_1_13' title="bbox 266 1933 1385 2022; baseline -0.003 -19"><span class='ocrx_word' id='word_1_95' title='bbox 266 1936 390 2021; x_wconf 80' lang='lat' dir='ltr'><strong>satrapis</strong></span> <span class='ocrx_word' id='word_1_96' title='bbox 409 1934 492 2000; x_wconf 89' lang='lat' dir='ltr'><strong>bene</strong></span> <span class='ocrx_word' id='word_1_97' title='bbox 511 1937 620 2002; x_wconf 87' lang='lat' dir='ltr'><strong>multis</strong></span> <span class='ocrx_word' id='word_1_98' title='bbox 637 1936 678 2002; x_wconf 90' lang='lat' dir='ltr'><strong>ab</strong></span> <span class='ocrx_word' id='word_1_99' title='bbox 698 1935 879 2013; x_wconf 86' lang='lat' dir='ltr'><strong>Alexandro</strong></span> <span class='ocrx_word' id='word_1_100' title='bbox 895 1935 1015 2001; x_wconf 77' lang='lat' dir='ltr'><strong>victore</strong></span> <span class='ocrx_word' id='word_1_101' title='bbox 1035 1933 1068 1998; x_wconf 92' lang='lat' dir='ltr'><strong>in</strong></span> <span class='ocrx_word' id='word_1_102' title='bbox 1087 1935 1219 2022; x_wconf 83' lang='lat' dir='ltr'><strong>gratiam</strong></span> <span class='ocrx_word' id='word_1_103' title='bbox 1238 1947 1385 2022; x_wconf 89' lang='lat' dir='ltr'><strong>recepto,</strong></span> 
     </span>
     <span class='ocr_line' id='line_1_14' title="bbox 264 2037 1387 2129; baseline 0.002 -25"><span class='ocrx_word' id='word_1_104' title='bbox 264 2039 388 2125; x_wconf 88' lang='lat' dir='ltr'><strong>periisse</strong></span> <span class='ocrx_word' id='word_1_105' title='bbox 413 2040 544 2129; x_wconf 92' lang='lat' dir='ltr'><strong>quidem</strong></span> <span class='ocrx_word' id='word_1_106' title='bbox 569 2044 671 2128; x_wconf 89' lang='lat' dir='ltr'><strong>ipsam</strong></span> <span class='ocrx_word' id='word_1_107' title='bbox 694 2037 916 2128; x_wconf 72' lang='grc' dir='ltr'><em>Εἷσαγγελέως</em></span> <span class='ocrx_word' id='word_1_108' title='bbox 941 2040 1148 2127; x_wconf 84' lang='lat' dir='ltr'><strong>dignitatem,</strong></span> <span class='ocrx_word' id='word_1_109' title='bbox 1179 2041 1252 2123; x_wconf 86' lang='lat' dir='ltr'><strong>sed,</strong></span> <span class='ocrx_word' id='word_1_110' title='bbox 1278 2053 1315 2107; x_wconf 92' lang='lat' dir='ltr'><strong>ut</strong></span> <span class='ocrx_word' id='word_1_111' title='bbox 1332 2042 1387 2108; x_wconf 90' lang='lat' dir='ltr'><strong>tali</strong></span> 
     </span>
     <span class='ocr_line' id='line_1_15' title="bbox 262 2142 962 2231; baseline 0.001 -22"><span class='ocrx_word' id='word_1_112' title='bbox 262 2146 291 2209; x_wconf 93' lang='lat' dir='ltr'><strong>in</strong></span> <span class='ocrx_word' id='word_1_113' title='bbox 309 2168 344 2211; x_wconf 89' lang='lat' dir='ltr'><strong>re</strong></span> <span class='ocrx_word' id='word_1_114' title='bbox 366 2148 468 2227; x_wconf 89' lang='lat' dir='ltr'><strong>solet,</strong></span> <span class='ocrx_word' id='word_1_115' title='bbox 493 2147 673 2213; x_wconf 86' lang='lat' dir='ltr'><strong>adhaesisse</strong></span> <span class='ocrx_word' id='word_1_116' title='bbox 692 2168 807 2213; x_wconf 91' lang='lat' dir='ltr'><strong>nomen</strong></span> <span class='ocrx_word' id='word_1_117' title='bbox 825 2142 866 2231; x_wconf 76' lang='lat'><strong>³).</strong></span> <span class='ocrx_word' id='word_1_118' title='bbox 957 2179 962 2183; x_wconf 88' lang='lat'><em>-</em></span> 
     </span>
    </p>

    <p class='ocr_par' dir='ltr' id='par_1_3' title="bbox 253 2250 1460 3190">
     <span class='ocr_line' id='line_1_16' title="bbox 300 2250 1460 2340; baseline 0.001 -23"><span class='ocrx_word' id='word_1_119' title='bbox 300 2253 392 2336; x_wconf 84' lang='lat' dir='ltr'><strong>Quae</strong></span> <span class='ocrx_word' id='word_1_120' title='bbox 418 2255 443 2318; x_wconf 93' lang='lat' dir='ltr'><strong>si</strong></span> <span class='ocrx_word' id='word_1_121' title='bbox 473 2266 560 2319; x_wconf 87' lang='lat' dir='ltr'><strong>recte</strong></span> <span class='ocrx_word' id='word_1_122' title='bbox 586 2253 731 2340; x_wconf 85' lang='lat' dir='ltr'><strong>conjeci,</strong></span> <span class='ocrx_word' id='word_1_123' title='bbox 761 2253 894 2317; x_wconf 78' lang='lat' dir='ltr'><strong>fortasse</strong></span> <span class='ocrx_word' id='word_1_124' title='bbox 918 2251 1011 2317; x_wconf 89' lang='lat' dir='ltr'><strong>etiam</strong></span> <span class='ocrx_word' id='word_1_125' title='bbox 1032 2250 1196 2338; x_wconf 88' lang='lat' dir='ltr'><strong>aliquanto</strong></span> <span class='ocrx_word' id='word_1_126' title='bbox 1217 2255 1331 2334; x_wconf 89' lang='lat' dir='ltr'><strong>melius</strong></span> <span class='ocrx_word' id='word_1_127' title='bbox 1347 2252 1387 2318; x_wconf 93' lang='lat' dir='ltr'><strong>de</strong></span> <span class='ocrx_word' id='word_1_128' title='bbox 1458 2288 1460 2293; x_wconf 38' lang='lat' dir='ltr'>s</span> 
     </span>
     <span class='ocr_line' id='line_1_17' title="bbox 260 2344 1387 2449; baseline 0.003 -28"><span class='ocrx_word' id='word_1_129' title='bbox 260 2358 406 2426; x_wconf 86' lang='lat' dir='ltr'><strong>laudibus</strong></span> <span class='ocrx_word' id='word_1_130' title='bbox 419 2360 567 2444; x_wconf 87' lang='lat' dir='ltr'><strong>judicare</strong></span> <span class='ocrx_word' id='word_1_131' title='bbox 584 2344 778 2449; x_wconf 75' lang='lat' dir='ltr'><strong>poterimus,</strong></span> <span class='ocrx_word' id='word_1_132' title='bbox 802 2379 881 2446; x_wconf 87' lang='lat' dir='ltr'><strong>quas</strong></span> <span class='ocrx_word' id='word_1_133' title='bbox 898 2357 993 2423; x_wconf 87' lang='lat' dir='ltr'><strong>rebus</strong></span> <span class='ocrx_word' id='word_1_134' title='bbox 1011 2358 1106 2444; x_wconf 83' lang='lat' dir='ltr'><strong>gestis</strong></span> <span class='ocrx_word' id='word_1_135' title='bbox 1121 2357 1293 2425; x_wconf 79' lang='lat' dir='ltr'><strong>Alexandri</strong></span> <span class='ocrx_word' id='word_1_136' title='bbox 1305 2381 1387 2426; x_wconf 58' lang='lat' dir='ltr'><strong>‘cou-</strong></span> 
     </span>
     <span class='ocr_line' id='line_1_18' title="bbox 259 2455 1384 2553; baseline 0.001 -23"><span class='ocrx_word' id='word_1_137' title='bbox 259 2465 434 2531; x_wconf 87' lang='lat' dir='ltr'><strong>scribendis</strong></span> <span class='ocrx_word' id='word_1_138' title='bbox 451 2466 569 2532; x_wconf 84' lang='lat' dir='ltr'><strong>Chares</strong></span> <span class='ocrx_word' id='word_1_139' title='bbox 596 2467 656 2531; x_wconf 93' lang='lat' dir='ltr'><strong>sibi</strong></span> <span class='ocrx_word' id='word_1_140' title='bbox 678 2465 918 2553; x_wconf 83' lang='lat' dir='ltr'><strong>comparaverit.</strong></span> <span class='ocrx_word' id='word_1_141' title='bbox 943 2464 1032 2550; x_wconf 89' lang='lat' dir='ltr'><strong>Opus</strong></span> <span class='ocrx_word' id='word_1_142' title='bbox 1053 2462 1153 2544; x_wconf 91' lang='lat' dir='ltr'><strong>illud,</strong></span> <span class='ocrx_word' id='word_1_143' title='bbox 1177 2462 1258 2552; x_wconf 80' lang='grc' dir='ltr'><strong><em>περὶ</em></strong></span> <span class='ocrx_word' id='word_1_144' title='bbox 1274 2455 1384 2545; x_wconf 75' lang='grc' dir='ltr'><strong><em>Ἀλέξ-</em></strong></span> 
     </span>
     <span class='ocr_line' id='line_1_19' title="bbox 257 2561 1386 2662; baseline 0 -27"><span class='ocrx_word' id='word_1_145' title='bbox 257 2570 374 2659; x_wconf 78' lang='grc' dir='ltr'><strong><em>ανδρον</em></strong></span> <span class='ocrx_word' id='word_1_146' title='bbox 394 2561 543 2662; x_wconf 80' lang='grc' dir='ltr'><strong><em>Ὶστορίαι</em></strong></span> <span class='ocrx_word' id='word_1_147' title='bbox 561 2574 751 2661; x_wconf 86' lang='lat' dir='ltr'><strong>inscriptum</strong></span> <span class='ocrx_word' id='word_1_148' title='bbox 762 2569 812 2658; x_wconf 83' lang='lat'><strong>⁴),</strong></span> <span class='ocrx_word' id='word_1_149' title='bbox 835 2571 868 2636; x_wconf 89' lang='lat' dir='ltr'><strong>iu</strong></span> <span class='ocrx_word' id='word_1_150' title='bbox 887 2571 995 2657; x_wconf 88' lang='lat' dir='ltr'><strong>plures</strong></span> <span class='ocrx_word' id='word_1_151' title='bbox 1019 2569 1118 2635; x_wconf 88' lang='lat' dir='ltr'><strong>libros</strong></span> <span class='ocrx_word' id='word_1_152' title='bbox 1138 2570 1235 2635; x_wconf 89' lang='lat' dir='ltr'><strong>fuisse</strong></span> <span class='ocrx_word' id='word_1_153' title='bbox 1250 2569 1386 2635; x_wconf 83' lang='lat' dir='ltr'><strong>divisum</strong></span> 
     </span>
     <span class='ocr_line' id='line_1_20' title="bbox 256 2673 1387 2767; baseline 0.002 -27"><span class='ocrx_word' id='word_1_154' title='bbox 256 2688 405 2762; x_wconf 86' lang='lat' dir='ltr'><strong>apparet,</strong></span> <span class='ocrx_word' id='word_1_155' title='bbox 430 2680 548 2766; x_wconf 88' lang='lat' dir='ltr'><strong>quibus</strong></span> <span class='ocrx_word' id='word_1_156' title='bbox 570 2679 818 2767; x_wconf 83' lang='lat' dir='ltr'><strong>tamensingulis</strong></span> <span class='ocrx_word' id='word_1_157' title='bbox 839 2677 989 2742; x_wconf 88' lang='lat' dir='ltr'><strong>terminos</strong></span> <span class='ocrx_word' id='word_1_158' title='bbox 1007 2698 1079 2740; x_wconf 90' lang='lat' dir='ltr'><strong>suos</strong></span> <span class='ocrx_word' id='word_1_159' title='bbox 1096 2673 1183 2740; x_wconf 93' lang='lat' dir='ltr'><strong>haud</strong></span> <span class='ocrx_word' id='word_1_160' title='bbox 1199 2674 1387 2742; x_wconf 88' lang='lat' dir='ltr'><strong>reddideris.</strong></span> 
     </span>
     <span class='ocr_line' id='line_1_21' title="bbox 255 2780 1387 2874; baseline 0.001 -28"><span class='ocrx_word' id='word_1_161' title='bbox 255 2780 343 2847; x_wconf 90' lang='lat' dir='ltr'><strong>Adeo</strong></span> <span class='ocrx_word' id='word_1_162' title='bbox 361 2780 478 2851; x_wconf 89' lang='lat' dir='ltr'><strong>desunt</strong></span> <span class='ocrx_word' id='word_1_163' title='bbox 495 2797 583 2853; x_wconf 90' lang='lat' dir='ltr'><strong>certa</strong></span> <span class='ocrx_word' id='word_1_164' title='bbox 600 2787 634 2853; x_wconf 91' lang='lat' dir='ltr'><strong>in</strong></span> <span class='ocrx_word' id='word_1_165' title='bbox 652 2786 763 2874; x_wconf 86' lang='lat' dir='ltr'><strong>paucis</strong></span> <span class='ocrx_word' id='word_1_166' title='bbox 783 2783 970 2871; x_wconf 84' lang='lat' dir='ltr'><strong>fragmentis</strong></span> <span class='ocrx_word' id='word_1_167' title='bbox 985 2781 1116 2851; x_wconf 91' lang='lat' dir='ltr'><strong>indicia.</strong></span> <span class='ocrx_word' id='word_1_168' title='bbox 1140 2783 1165 2848; x_wconf 88' lang='lat' dir='ltr'><strong>E</strong></span> <span class='ocrx_word' id='word_1_169' title='bbox 1182 2784 1286 2848; x_wconf 82' lang='lat' dir='ltr'><strong>tertio</strong></span> <span class='ocrx_word' id='word_1_170' title='bbox 1304 2782 1387 2847; x_wconf 92' lang='lat' dir='ltr'><strong>libro</strong></span> 
     </span>
     <span class='ocr_line' id='line_1_22' title="bbox 254 2876 1385 2976; baseline -0.001 -23"><span class='ocrx_word' id='word_1_171' title='bbox 254 2900 396 2956; x_wconf 85' lang='lat' dir='ltr'><strong>serratus</strong></span> <span class='ocrx_word' id='word_1_172' title='bbox 415 2892 504 2956; x_wconf 91' lang='lat' dir='ltr'><strong>locus</strong></span> <span class='ocrx_word' id='word_1_173' title='bbox 523 2905 571 2958; x_wconf 89' lang='lat' dir='ltr'><strong>est</strong></span> <span class='ocrx_word' id='word_1_174' title='bbox 588 2893 630 2959; x_wconf 86' lang='lat' dir='ltr'><strong>de</strong></span> <span class='ocrx_word' id='word_1_175' title='bbox 640 2895 822 2960; x_wconf 86' lang='lat' dir='ltr'><strong>Ptolemaeo</strong></span> <span class='ocrx_word' id='word_1_176' title='bbox 834 2888 970 2976; x_wconf 85' lang='lat' dir='ltr'><strong>Lagida,</strong></span> <span class='ocrx_word' id='word_1_177' title='bbox 990 2887 1160 2954; x_wconf 82' lang='lat' dir='ltr'><strong>Alexandri</strong></span> <span class='ocrx_word' id='word_1_178' title='bbox 1174 2876 1328 2975; x_wconf 78' lang='lat' dir='ltr'><strong>lidaoirprp</strong></span> <span class='ocrx_word' id='word_1_179' title='bbox 1340 2886 1385 2976; x_wconf 85' lang='lat'><strong>⁵);</strong></span> 
     </span>
     <span class='ocr_line' id='line_1_23' title="bbox 255 2992 1386 3087; baseline 0 -28"><span class='ocrx_word' id='word_1_180' title='bbox 255 3016 272 3059; x_wconf 91' lang='lat' dir='ltr'><strong>e</strong></span> <span class='ocrx_word' id='word_1_181' title='bbox 289 2998 412 3085; x_wconf 79' lang='lat' dir='ltr'><strong>quinto</strong></span> <span class='ocrx_word' id='word_1_182' title='bbox 430 2996 471 3062; x_wconf 91' lang='lat' dir='ltr'><strong>de</strong></span> <span class='ocrx_word' id='word_1_183' title='bbox 487 3000 656 3065; x_wconf 86' lang='lat' dir='ltr'><strong>Persarum</strong></span> <span class='ocrx_word' id='word_1_184' title='bbox 671 3001 799 3087; x_wconf 78' lang='lat' dir='ltr'><strong>Regum</strong></span> <span class='ocrx_word' id='word_1_185' title='bbox 815 2995 943 3062; x_wconf 88' lang='lat' dir='ltr'><strong>luxuria</strong></span> <span class='ocrx_word' id='word_1_186' title='bbox 955 2992 999 3083; x_wconf 73' lang='grc' dir='ltr'><strong>Β);</strong></span> <span class='ocrx_word' id='word_1_187' title='bbox 1025 2997 1200 3082; x_wconf 79' lang='lat' dir='ltr'><strong>ereptimo</strong></span> <span class='ocrx_word' id='word_1_188' title='bbox 1215 2993 1255 3057; x_wconf 90' lang='lat' dir='ltr'><strong>de</strong></span> <span class='ocrx_word' id='word_1_189' title='bbox 1276 2996 1386 3059; x_wconf 89' lang='lat' dir='ltr'><strong>ostreis</strong></span> 
     </span>
     <span class='ocr_line' id='line_1_24' title="bbox 253 3099 1384 3190; baseline -0.001 -25"><span class='ocrx_word' id='word_1_190' title='bbox 253 3113 285 3165; x_wconf 89' lang='lat' dir='ltr'><strong>et</strong></span> <span class='ocrx_word' id='word_1_191' title='bbox 306 3104 507 3190; x_wconf 82' lang='lat' dir='ltr'><strong>margaritis,</strong></span> <span class='ocrx_word' id='word_1_192' title='bbox 531 3107 565 3170; x_wconf 92' lang='lat' dir='ltr'><strong>in</strong></span> <span class='ocrx_word' id='word_1_193' title='bbox 586 3104 698 3171; x_wconf 87' lang='lat' dir='ltr'><strong>Indico</strong></span> <span class='ocrx_word' id='word_1_194' title='bbox 718 3106 798 3170; x_wconf 90' lang='lat' dir='ltr'><strong>mari</strong></span> <span class='ocrx_word' id='word_1_195' title='bbox 826 3103 960 3190; x_wconf 88' lang='lat' dir='ltr'><strong>repertis</strong></span> <span class='ocrx_word' id='word_1_196' title='bbox 972 3099 1012 3189; x_wconf 85' lang='lat'><strong>⁷).</strong></span> <span class='ocrx_word' id='word_1_197' title='bbox 1049 3102 1142 3184; x_wconf 87' lang='lat' dir='ltr'><strong>Quae</strong></span> <span class='ocrx_word' id='word_1_198' title='bbox 1159 3101 1266 3166; x_wconf 89' lang='lat' dir='ltr'><strong>omnia</strong></span> <span class='ocrx_word' id='word_1_199' title='bbox 1285 3121 1384 3188; x_wconf 92' lang='lat' dir='ltr'><strong>quum</strong></span> 
     </span>
    </p>
   </div>
   <div class='ocr_carea' id='block_1_3' title="bbox 245 3306 1385 3892">
    <p class='ocr_par' dir='ltr' id='par_1_4' title="bbox 247 3306 1385 3635">
     <span class='ocr_line' id='line_1_25' title="bbox 250 3306 1384 3391; baseline -0.007 -18"><span class='ocrx_word' id='word_1_200' title='bbox 250 3306 366 3391; x_wconf 65' lang='grc' dir='ltr'><em>τείας,</em></span> <span class='ocrx_word' id='word_1_201' title='bbox 388 3323 418 3367; x_wconf 92' lang='lat' dir='ltr'><strong>ut</strong></span> <span class='ocrx_word' id='word_1_202' title='bbox 433 3318 485 3368; x_wconf 92' lang='lat' dir='ltr'><strong>looi</strong></span> <span class='ocrx_word' id='word_1_203' title='bbox 508 3326 659 3385; x_wconf 76' lang='lat' dir='ltr'><strong>argumento</strong></span> <span class='ocrx_word' id='word_1_204' title='bbox 683 3322 765 3371; x_wconf 73' lang='lat' dir='ltr'><strong>fretus</strong></span> <span class='ocrx_word' id='word_1_205' title='bbox 792 3320 981 3384; x_wconf 85' lang='lat' dir='ltr'><strong>Kampmannus</strong></span> <span class='ocrx_word' id='word_1_206' title='bbox 1005 3315 1093 3367; x_wconf 84' lang='lat' dir='ltr'><strong>edidit.</strong></span> <span class='ocrx_word' id='word_1_207' title='bbox 1118 3318 1170 3366; x_wconf 82' lang='lat' dir='ltr'><strong>llec</strong></span> <span class='ocrx_word' id='word_1_208' title='bbox 1194 3316 1278 3381; x_wconf 88' lang='lat' dir='ltr'><strong>placet</strong></span> <span class='ocrx_word' id='word_1_209' title='bbox 1291 3317 1384 3380; x_wconf 89' lang='lat' dir='ltr'><strong>bodie,</strong></span> 
     </span>
     <span class='ocr_line' id='line_1_26' title="bbox 250 3387 1385 3484; baseline 0 -34"><span class='ocrx_word' id='word_1_210' title='bbox 250 3402 323 3467; x_wconf 89' lang='lat' dir='ltr'><strong>quod</strong></span> <span class='ocrx_word' id='word_1_211' title='bbox 347 3403 484 3468; x_wconf 84' lang='lat' dir='ltr'><strong>aliquando</strong></span> <span class='ocrx_word' id='word_1_212' title='bbox 507 3405 593 3469; x_wconf 74' lang='lat' dir='ltr'><strong>legere</strong></span> <span class='ocrx_word' id='word_1_213' title='bbox 611 3404 755 3469; x_wconf 85' lang='lat' dir='ltr'><strong>malebam,</strong></span> <span class='ocrx_word' id='word_1_214' title='bbox 774 3394 807 3458; x_wconf 79' lang='grc' dir='ltr'><strong>ἒν</strong></span> <span class='ocrx_word' id='word_1_215' title='bbox 825 3395 872 3484; x_wconf 73' lang='grc' dir='ltr'><strong>τῇ</strong></span> <span class='ocrx_word' id='word_1_216' title='bbox 891 3420 923 3458; x_wconf 87' lang='grc' dir='ltr'><strong>π.</strong></span> <span class='ocrx_word' id='word_1_217' title='bbox 945 3396 986 3456; x_wconf 82' lang='grc' dir='ltr'><strong>Κ.</strong></span> <span class='ocrx_word' id='word_1_218' title='bbox 1008 3387 1385 3482; x_wconf 40' lang='grc' dir='ltr'><strong>πραγματείᾳ-Ἐοιίαὶιο</strong></span> 
     </span>
     <span class='ocr_line' id='line_1_27' title="bbox 247 3483 1385 3562; baseline 0.004 -29"><span class='ocrx_word' id='word_1_219' title='bbox 247 3483 366 3533; x_wconf 82' lang='lat' dir='ltr'><strong>additum</strong></span> <span class='ocrx_word' id='word_1_220' title='bbox 376 3484 426 3533; x_wconf 81' lang='lat' dir='ltr'><strong>suit</strong></span> <span class='ocrx_word' id='word_1_221' title='bbox 434 3485 603 3551; x_wconf 79' lang='lat' dir='ltr'><strong>vocabulum,</strong></span> <span class='ocrx_word' id='word_1_222' title='bbox 617 3503 687 3537; x_wconf 89' lang='lat' dir='ltr'><strong>nunc</strong></span> <span class='ocrx_word' id='word_1_223' title='bbox 699 3489 818 3539; x_wconf 88' lang='lat' dir='ltr'><strong>ecodicis</strong></span> <span class='ocrx_word' id='word_1_224' title='bbox 830 3489 941 3552; x_wconf 76' lang='lat' dir='ltr'><strong>vestigiis</strong></span> <span class='ocrx_word' id='word_1_225' title='bbox 957 3502 1039 3562; x_wconf 75' lang='grc' dir='ltr'><strong><em>ηενρ,</em></strong></span> <span class='ocrx_word' id='word_1_226' title='bbox 1056 3488 1234 3556; x_wconf 82' lang='lat' dir='ltr'><strong>superscriptis</strong></span> <span class='ocrx_word' id='word_1_227' title='bbox 1244 3488 1327 3538; x_wconf 89' lang='lat' dir='ltr'><strong>literis</strong></span> <span class='ocrx_word' id='word_1_228' title='bbox 1342 3498 1385 3551; x_wconf 84' lang='grc' dir='ltr'><strong>κτ,</strong></span> 
     </span>
     <span class='ocr_line' id='line_1_28' title="bbox 247 3563 1009 3635; baseline 0.012 -22"><span class='ocrx_word' id='word_1_229' title='bbox 247 3563 321 3614; x_wconf 84' lang='lat' dir='ltr'><strong>band</strong></span> <span class='ocrx_word' id='word_1_230' title='bbox 338 3565 492 3631; x_wconf 85' lang='lat' dir='ltr'><strong>eruendum,</strong></span> <span class='ocrx_word' id='word_1_231' title='bbox 508 3583 560 3632; x_wconf 89' lang='lat' dir='ltr'><strong>quo</strong></span> <span class='ocrx_word' id='word_1_232' title='bbox 577 3569 725 3618; x_wconf 66' lang='lat' dir='ltr'><strong>doricorum</strong></span> <span class='ocrx_word' id='word_1_233' title='bbox 738 3571 803 3620; x_wconf 87' lang='lat' dir='ltr'><strong>liber</strong></span> <span class='ocrx_word' id='word_1_234' title='bbox 818 3570 1009 3635; x_wconf 79' lang='lat' dir='ltr'><strong>designabatur.</strong></span> 
     </span>
    </p>

    <p class='ocr_par' dir='ltr' id='par_1_5' title="bbox 245 3649 1385 3810">
     <span class='ocr_line' id='line_1_29' title="bbox 284 3649 1385 3724; baseline 0.005 -25"><span class='ocrx_word' id='word_1_235' title='bbox 284 3649 312 3713; x_wconf 86' lang='lat'><strong>1)</strong></span> <span class='ocrx_word' id='word_1_236' title='bbox 330 3651 367 3701; x_wconf 86' lang='lat' dir='ltr'><strong>lte</strong></span> <span class='ocrx_word' id='word_1_237' title='bbox 385 3653 501 3717; x_wconf 87' lang='lat' dir='ltr'><strong>utrisque</strong></span> <span class='ocrx_word' id='word_1_238' title='bbox 518 3654 653 3704; x_wconf 84' lang='lat' dir='ltr'><strong>Alexandri</strong></span> <span class='ocrx_word' id='word_1_239' title='bbox 675 3656 813 3721; x_wconf 84' lang='lat' dir='ltr'><strong>ministris,</strong></span> <span class='ocrx_word' id='word_1_240' title='bbox 831 3663 932 3724; x_wconf 85' lang='lat' dir='ltr'><strong>praeter</strong></span> <span class='ocrx_word' id='word_1_241' title='bbox 957 3658 1028 3708; x_wconf 86' lang='lat' dir='ltr'><strong>locos</strong></span> <span class='ocrx_word' id='word_1_242' title='bbox 1049 3661 1163 3707; x_wconf 80' lang='lat' dir='ltr'><strong>veterum</strong></span> <span class='ocrx_word' id='word_1_243' title='bbox 1181 3672 1206 3723; x_wconf 90' lang='lat' dir='ltr'><strong>p.</strong></span> <span class='ocrx_word' id='word_1_244' title='bbox 1225 3654 1385 3715; x_wconf 75' lang='lat' dir='ltr'><strong>illaudatos,</strong></span> 
     </span>
     <span class='ocr_line' id='line_1_30' title="bbox 245 3738 891 3810; baseline 0.011 -21"><span class='ocrx_word' id='word_1_245' title='bbox 245 3738 291 3789; x_wconf 79' lang='lat' dir='ltr'><strong>adi</strong></span> <span class='ocrx_word' id='word_1_246' title='bbox 305 3738 477 3787; x_wconf 80' lang='lat' dir='ltr'><strong>lluetsellium</strong></span> <span class='ocrx_word' id='word_1_247' title='bbox 493 3740 524 3789; x_wconf 85' lang='lat' dir='ltr'><strong>ad</strong></span> <span class='ocrx_word' id='word_1_248' title='bbox 541 3742 655 3791; x_wconf 84' lang='lat' dir='ltr'><strong>Curtium</strong></span> <span class='ocrx_word' id='word_1_249' title='bbox 673 3759 698 3808; x_wconf 93' lang='lat' dir='ltr'><strong>p.</strong></span> <span class='ocrx_word' id='word_1_250' title='bbox 715 3741 776 3808; x_wconf 79' lang='grc'><strong>567,</strong></span> <span class='ocrx_word' id='word_1_251' title='bbox 788 3742 841 3795; x_wconf 84' lang='grc'><strong>760</strong></span> <span class='ocrx_word' id='word_1_252' title='bbox 853 3759 891 3810; x_wconf 87' lang='lat' dir='ltr'><strong>sq.</strong></span> 
     </span>
    </p>

    <p class='ocr_par' dir='ltr' id='par_1_6' title="bbox 284 3821 695 3892">
     <span class='ocr_line' id='line_1_31' title="bbox 284 3821 695 3892; baseline 0.012 -19"><span class='ocrx_word' id='word_1_253' title='bbox 284 3821 313 3885; x_wconf 78' lang='grc'><strong>2)</strong></span> <span class='ocrx_word' id='word_1_254' title='bbox 332 3825 368 3874; x_wconf 81' lang='lat' dir='ltr'><strong>Gi.</strong></span> <span class='ocrx_word' id='word_1_255' title='bbox 387 3824 477 3875; x_wconf 86' lang='lat' dir='ltr'><strong>Plehn.</strong></span> <span class='ocrx_word' id='word_1_256' title='bbox 494 3825 512 3876; x_wconf 93' lang='lat' dir='ltr'><strong>l.</strong></span> <span class='ocrx_word' id='word_1_257' title='bbox 531 3826 550 3877; x_wconf 89' lang='lat' dir='ltr'><strong>l.</strong></span> <span class='ocrx_word' id='word_1_258' title='bbox 566 3843 591 3892; x_wconf 91' lang='lat' dir='ltr'><strong>p.</strong></span> <span class='ocrx_word' id='word_1_259' title='bbox 608 3825 643 3876; x_wconf 79' lang='lat'><strong>⁷6</strong></span> <span class='ocrx_word' id='word_1_260' title='bbox 657 3844 695 3891; x_wconf 87' lang='lat' dir='ltr'><strong>sq.</strong></span> 
     </span>
    </p>
   </div>
   <div class='ocr_carea' id='block_1_4' title="bbox 243 3907 1385 4137">
    <p class='ocr_par' dir='ltr' id='par_1_7' title="bbox 243 3907 1385 4137">
     <span class='ocr_line' id='line_1_32' title="bbox 285 3907 1385 3985; baseline 0.001 -25"><span class='ocrx_word' id='word_1_261' title='bbox 285 3907 314 3974; x_wconf 83' lang='lat'><strong>8)</strong></span> <span class='ocrx_word' id='word_1_262' title='bbox 332 3911 371 3959; x_wconf 86' lang='lat' dir='ltr'><strong>tta</strong></span> <span class='ocrx_word' id='word_1_263' title='bbox 390 3911 466 3960; x_wconf 90' lang='lat' dir='ltr'><strong>etiam</strong></span> <span class='ocrx_word' id='word_1_264' title='bbox 482 3911 556 3977; x_wconf 76' lang='lat' dir='ltr'><strong>Cypri</strong></span> <span class='ocrx_word' id='word_1_265' title='bbox 575 3914 687 3977; x_wconf 69' lang='lat' dir='ltr'><strong>Regibus</strong></span> <span class='ocrx_word' id='word_1_266' title='bbox 704 3914 802 3978; x_wconf 77' lang='lat' dir='ltr'><strong>ignorit</strong></span> <span class='ocrx_word' id='word_1_267' title='bbox 814 3915 957 3967; x_wconf 78' lang='lat' dir='ltr'><strong>Alexander</strong></span> <span class='ocrx_word' id='word_1_268' title='bbox 971 3915 1081 3985; x_wconf 72' lang='lat' dir='ltr'><strong>(Arriae.</strong></span> <span class='ocrx_word' id='word_1_269' title='bbox 1100 3915 1147 3965; x_wconf 81' lang='grc' dir='ltr'><strong>ΙΙΙ.</strong></span> <span class='ocrx_word' id='word_1_270' title='bbox 1162 3913 1206 3965; x_wconf 78' lang='lat'><strong>23.</strong></span> <span class='ocrx_word' id='word_1_271' title='bbox 1225 3911 1272 3979; x_wconf 86' lang='grc'><strong>7.),</strong></span> <span class='ocrx_word' id='word_1_272' title='bbox 1291 3927 1385 3977; x_wconf 87' lang='lat' dir='ltr'><strong>eosque</strong></span> 
     </span>
     <span class='ocr_line' id='line_1_33' title="bbox 246 3997 1384 4067; baseline 0 -19"><span class='ocrx_word' id='word_1_273' title='bbox 246 3998 393 4048; x_wconf 85' lang='lat' dir='ltr'><strong>honoratos</strong></span> <span class='ocrx_word' id='word_1_274' title='bbox 409 3998 437 4046; x_wconf 91' lang='lat' dir='ltr'><strong>in</strong></span> <span class='ocrx_word' id='word_1_275' title='bbox 452 3997 536 4046; x_wconf 89' lang='lat' dir='ltr'><strong>Asiam</strong></span> <span class='ocrx_word' id='word_1_276' title='bbox 550 4014 636 4049; x_wconf 90' lang='lat' dir='ltr'><strong>secum</strong></span> <span class='ocrx_word' id='word_1_277' title='bbox 652 3999 740 4067; x_wconf 86' lang='lat' dir='ltr'><strong>duxit,</strong></span> <span class='ocrx_word' id='word_1_278' title='bbox 755 4007 785 4051; x_wconf 90' lang='lat' dir='ltr'><strong>ut</strong></span> <span class='ocrx_word' id='word_1_279' title='bbox 797 4002 893 4053; x_wconf 80' lang='lat' dir='ltr'><strong>indicat</strong></span> <span class='ocrx_word' id='word_1_280' title='bbox 904 4003 977 4053; x_wconf 89' lang='lat' dir='ltr'><strong>locus</strong></span> <span class='ocrx_word' id='word_1_281' title='bbox 988 4002 1134 4065; x_wconf 80' lang='lat' dir='ltr'><strong>Plutarchi,</strong></span> <span class='ocrx_word' id='word_1_282' title='bbox 1151 4001 1196 4065; x_wconf 88' lang='lat' dir='ltr'><strong>qui</strong></span> <span class='ocrx_word' id='word_1_283' title='bbox 1209 4000 1304 4063; x_wconf 72' lang='lat' dir='ltr'><strong>legitur</strong></span> <span class='ocrx_word' id='word_1_284' title='bbox 1313 4001 1384 4049; x_wconf 84' lang='lat' dir='ltr'><strong>Orat.</strong></span> 
     </span>
     <span class='ocr_line' id='line_1_34' title="bbox 243 4082 471 4137; baseline -0.013 0"><span class='ocrx_word' id='word_1_285' title='bbox 243 4085 280 4137; x_wconf 79' lang='lat' dir='ltr'><strong>ds</strong></span> <span class='ocrx_word' id='word_1_286' title='bbox 297 4084 376 4133; x_wconf 70' lang='lat' dir='ltr'><strong>Alsa.</strong></span> <span class='ocrx_word' id='word_1_287' title='bbox 393 4082 427 4134; x_wconf 89' lang='lat' dir='ltr'><strong>ll.</strong></span> <span class='ocrx_word' id='word_1_288' title='bbox 445 4083 471 4134; x_wconf 76' lang='lat'><strong>2.</strong></span> 
     </span>
    </p>
   </div>
   <div class='ocr_carea' id='block_1_5' title="bbox 243 4168 1386 4541">
    <p class='ocr_par' dir='ltr' id='par_1_8' title="bbox 243 4168 1386 4462">
     <span class='ocr_line' id='line_1_35' title="bbox 281 4168 1386 4252; baseline 0.004 -25"><span class='ocrx_word' id='word_1_289' title='bbox 281 4174 312 4241; x_wconf 78' lang='grc'><strong>4)</strong></span> <span class='ocrx_word' id='word_1_290' title='bbox 329 4176 382 4226; x_wconf 83' lang='lat' dir='ltr'><strong>lloc</strong></span> <span class='ocrx_word' id='word_1_291' title='bbox 400 4176 501 4242; x_wconf 56' lang='lat' dir='ltr'><strong>titulo,</strong></span> <span class='ocrx_word' id='word_1_292' title='bbox 524 4168 570 4243; x_wconf 82' lang='lat' dir='ltr'><strong>pro</strong></span> <span class='ocrx_word' id='word_1_293' title='bbox 595 4193 647 4244; x_wconf 88' lang='lat' dir='ltr'><strong>quo</strong></span> <span class='ocrx_word' id='word_1_294' title='bbox 668 4196 852 4245; x_wconf 89' lang='lat' dir='ltr'><strong>nonnunquam</strong></span> <span class='ocrx_word' id='word_1_295' title='bbox 879 4180 905 4230; x_wconf 90' lang='lat' dir='ltr'><strong>in</strong></span> <span class='ocrx_word' id='word_1_296' title='bbox 933 4179 1066 4232; x_wconf 88' lang='lat' dir='ltr'><strong>codicibus</strong></span> <span class='ocrx_word' id='word_1_297' title='bbox 1087 4180 1152 4230; x_wconf 90' lang='lat' dir='ltr'><strong>male</strong></span> <span class='ocrx_word' id='word_1_298' title='bbox 1176 4176 1295 4227; x_wconf 86' lang='lat' dir='ltr'><strong>scribitur</strong></span> <span class='ocrx_word' id='word_1_299' title='bbox 1318 4169 1386 4252; x_wconf 74' lang='grc' dir='ltr'><strong>περὶ</strong></span> 
     </span>
     <span class='ocr_line' id='line_1_36' title="bbox 243 4264 1383 4355; baseline 0 -24"><span class='ocrx_word' id='word_1_300' title='bbox 243 4264 497 4355; x_wconf 75' lang='grc' dir='ltr'><em>Ἀλεξάνδρου</em></span> <span class='ocrx_word' id='word_1_301' title='bbox 517 4264 664 4355; x_wconf 60' lang='lat' dir='ltr'><strong>dereptas,</strong></span> <span class='ocrx_word' id='word_1_302' title='bbox 686 4283 798 4333; x_wconf 85' lang='lat' dir='ltr'><strong>Charotis</strong></span> <span class='ocrx_word' id='word_1_303' title='bbox 811 4284 1006 4334; x_wconf 86' lang='lat' dir='ltr'><strong>commentarios</strong></span> <span class='ocrx_word' id='word_1_304' title='bbox 1022 4284 1109 4334; x_wconf 87' lang='lat' dir='ltr'><strong>laudat</strong></span> <span class='ocrx_word' id='word_1_305' title='bbox 1126 4283 1272 4333; x_wconf 85' lang='lat' dir='ltr'><strong>Athenaeus</strong></span> <span class='ocrx_word' id='word_1_306' title='bbox 1287 4282 1383 4345; x_wconf 76' lang='lat' dir='ltr'><strong>Pragm.</strong></span> 
     </span>
     <span class='ocr_line' id='line_1_37' title="bbox 243 4372 1097 4462; baseline 0.007 -31"><span class='ocrx_word' id='word_1_307' title='bbox 243 4381 406 4444; x_wconf 85' lang='lat' dir='ltr'><strong>vu,x111‚</strong></span> <span class='ocrx_word' id='word_1_308' title='bbox 423 4380 582 4449; x_wconf 81' lang='lat' dir='ltr'><strong>xv-xvur,</strong></span> <span class='ocrx_word' id='word_1_309' title='bbox 602 4385 663 4434; x_wconf 73' lang='lat' dir='ltr'><strong>nim</strong></span> <span class='ocrx_word' id='word_1_310' title='bbox 678 4384 827 4451; x_wconf 77' lang='lat' dir='ltr'><strong>simpliciter</strong></span> <span class='ocrx_word' id='word_1_311' title='bbox 844 4372 984 4462; x_wconf 65' lang='grc' dir='ltr'><strong><em>Ἱστορίας</em></strong></span> <span class='ocrx_word' id='word_1_312' title='bbox 1000 4385 1097 4438; x_wconf 73' lang='lat' dir='ltr'><strong>ascens.</strong></span> 
     </span>
    </p>

    <p class='ocr_par' dir='ltr' id='par_1_9' title="bbox 279 4478 489 4541">
     <span class='ocr_line' id='line_1_38' title="bbox 279 4478 489 4541; baseline -0.01 -13"><span class='ocrx_word' id='word_1_313' title='bbox 279 4478 309 4538; x_wconf 78' lang='lat'><strong>5)</strong></span> <span class='ocrx_word' id='word_1_314' title='bbox 328 4479 425 4541; x_wconf 74' lang='lat' dir='ltr'><strong>Pragm.</strong></span> <span class='ocrx_word' id='word_1_315' title='bbox 444 4478 489 4526; x_wconf 88' lang='lat'><strong>111.</strong></span> 
     </span>
    </p>
   </div>
   <div class='ocr_carea' id='block_1_6' title="bbox 280 4563 512 4712">
    <p class='ocr_par' dir='ltr' id='par_1_10' title="bbox 280 4563 512 4712">
     <span class='ocr_line' id='line_1_39' title="bbox 280 4563 500 4626; baseline 0.005 -14"><span class='ocrx_word' id='word_1_316' title='bbox 280 4563 318 4624; x_wconf 73' lang='lat' dir='ltr'><strong>et·</strong></span> <span class='ocrx_word' id='word_1_317' title='bbox 329 4564 426 4626; x_wconf 65' lang='lat' dir='ltr'><strong>Pragm.</strong></span> <span class='ocrx_word' id='word_1_318' title='bbox 445 4565 500 4614; x_wconf 88' lang='lat' dir='ltr'><strong>Vll.</strong></span> 
     </span>
     <span class='ocr_line' id='line_1_40' title="bbox 280 4646 512 4712; baseline 0.022 -17"><span class='ocrx_word' id='word_1_319' title='bbox 280 4646 311 4710; x_wconf 82' lang='lat'><strong>7)</strong></span> <span class='ocrx_word' id='word_1_320' title='bbox 329 4651 426 4712; x_wconf 74' lang='lat' dir='ltr'><strong>Pragm.</strong></span> <span class='ocrx_word' id='word_1_321' title='bbox 444 4651 512 4700; x_wconf 75' lang='lat' dir='ltr'><strong>xlll.</strong></span> 
     </span>
    </p>
   </div>
   <div class='ocr_carea' id='block_1_7' title="bbox 0 0 1654 5600">
    <p class='ocr_par' dir='ltr' id='par_1_11' title="bbox 0 0 1654 5600">
     <span class='ocr_line' id='line_1_41' title="bbox 0 0 1654 5600; baseline 0 4"><span class='ocrx_word' id='word_1_322' title='bbox 0 0 1654 5600; x_wconf 95' lang='lat' dir='ltr'><strong> </strong></span> 
     </span>
    </p>
   </div>
  </div>
 </body>
</html>
