3300 5600
804 659 845 720 37

282 816 386 909 ἔφασαν
402 821 437 898 ἐς
457 847 495 890 το
486 814 677 915 τόλμημα,
699 826 754 892 καὶ
778 829 1029 913 Πτολεμαῖος
1057 823 1214 910 οόσαότως
1234 792 1344 922 λέγει·
1356 834 1391 901 οἱ

283 923 311 990 δὲ
326 917 497 992 πολλολ’
456 949 496 993 ου
516 917 618 1016 ταότη
630 926 785 1016 λέγουσιν.

315 1031 354 1095 ne
376 1031 436 1097 hac
460 1027 590 1096 παίδων
609 1034 848 1118 conjuratione,
869 1039 919 1103 uti
937 1037 978 1103 do
997 1039 1157 1126 supplicio
1174 1041 1389 1122 Callisthenis,

284 1137 351 1222 quod
361 1139 506 1226 sequenu
520 1139 711 1225 Fragmento
729 1154 944 1226 memoratur,
961 1143 1206 1232 disputationem
1223 1147 1334 1214 differo
1350 1145 1391 1214 ad

284 1241 396 1310 histob.
418 1246 545 1332 Fragm.
566 1247 689 1316 XXVII
709 1258 741 1312 οῑ
754 1248 906 1318 XXVIII.

788 1493 860 1562 XV.

318 1677 429 1746 Arrian.
456 1679 513 1748 lv.
541 1682 594 1745 14.
622 1683 654 1747 3.
686 1679 909 1770 Καλλισθένην
938 1674 1234 1772 Ἀριστόβουλοςι
1234 1682 1279 1750 ιὲν
1306 1666 1393 1770 λόγον

293 1779 466 1864 δελεμένον’
448 1805 481 1847 εν
501 1781 618 1857 πέδαις
639 1773 924 1874 ξυμπεριάγεσθαι
943 1787 985 1874 τῇ
1006 1787 1155 1876 στρατιᾷ,
1175 1781 1290 1852 ἔπειτα
1304 1776 1391 1872 νόσω

289 1881 459 1975 τελευτῆσαι·
492 1885 745 1968 Πτολεμαῖος
778 1877 862 1953 660
892 1878 1027 1974 Λάγου
1062 1878 1311 1980 στρεβλωθέντα
1338 1887 1393 1954 καλ

288 1977 487 2069 κρεμασθέντα
508 1979 698 2068 άποθανεῒν.

781 2214 869 2283 XVI.

316 2401 428 2471 ληίου.
453 2403 507 2474 lv.
532 2405 588 2472 24.
611 2407 632 2470 3
657 2440 699 2452 -
722 2406 777 2473 25.
803 2408 836 2474 4.
864 2395 927 2471 Τόν
943 2395 1083 2494 ἡγεμόνα
1101 2397 1198 2474 αότόν
1212 2404 1278 2473 τῶν
1293 2396 1395 2495 ταύτῃ

285 2490 361 2572 6666
385 2498 683 2634 Πτολεμαῖρςό
712 2498 851 2630 Λόγου
875 2498 962 2597 πρός
989 2532 1051 2576 τινι
1078 2498 1153 2627 η’δη
1161 2498 1341 2628 γηλόφῳ”
1320 2531 1397 2576 οντα

285 2603 406 2693 κατιδών,
429 2610 483 2677 καὶ
504 2613 569 2677 τοῖν
589 2604 807 2677 ὑπασπιστῶν
828 2606 915 2677 ἔστιν
936 2602 994 2686 069
1010 2602 1095 2701 ἄμφ’
1111 2603 1217 2694 αότόν,
1235 2604 1293 2692 ξόν
1310 2603 1398 2677 πολό
1454 2692 1455 2695 ¹

284 2697 496 2780 ἓλάιτοσιν’
453 2707 553 2789 αυτός
582 2707 635 2796 τόν,
664 2707 754 2799 ὅμως
781 2709 959 2780 ἐδίωκεν”
939 2737 988 2780 ετι
1013 2712 1047 2780 ἐκ
1067 2715 1127 2781 τοῦ
1147 2712 1270 2781 λ’ππου·
1292 2708 1339 2790 69
1360 2709 1398 2779 66

284 2809 449 2895 λαλεπός
428 2841 446 2884 ο
469 2809 616 2908 γόλοφος
637 2816 686 2903 τῷ
706 2815 801 2902 λππῳ
822 2806 1050 2906 άναδραμεῒν
1029 2842 1075 2907 ην,
1091 2818 1207 2937 τρῦτον
1221 2816 1279 2900 μὲν
1297 2808 1398 2884 αὐτοῦ

283 2907 465 3025 καταλείπει,
493 2910 665 3010 παραδοός
690 2944 752 2988 τινι
771 2919 836 2985 τῶν
861 2912 1077 2986 ὑπασπιστῶν
1098 2910 1199 3039 άγειν·
1226 2910 1324 2995 αότός
1345 2917 1397 3000 δὲ,

283 3002 401 3108 ὦεεῖχε,
419 3016 523 3103 πεζός
538 3048 584 3109 τῳ
571 3016 737 3109 ’1666‘
712 3022 834 3144 είπετρ.
856 3014 951 3105 ‘O66,
975 3014 1020 3098 69
1041 3012 1225 3103 πελάζοντα
1243 3012 1305 3140 ἤδη
1322 3043 1398 3086 κατ-

283 3117 402 3185 θῖδι
358 3150 427 3194 τον
452 3127 719 3212 Πτολεμαῖον,
746 3117 845 3201 αότός
869 3148 907 3191 τε
937 3118 1176 3209 μεταβάλλει
1159 3148 1193 3203 ες
1217 3116 1399 3210 τοῦμπαλιν

281 3219 370 3286 26‘
341 3252 371 3297 οι
389 3223 597 3297 ὑπασπισταὶ
618 3222 674 3309 ξόν
695 3220 795 3314 6666.
822 3227 890 3296 Καὶ
912 3251 930 3294 ο
922 3221 1014 3313 μὲν
1039 3220 1133 3304 Ἰνδός
1158 3227 1229 3295 τοῦ
1256 3227 1399 3294 Πτολε-

280 3327 385 3401 μαίου
407 3326 463 3400 διό
481 3333 543 3401 τοῦ
563 3322 718 3420 θώρακος
737 3328 832 3398 πἀλει
853 3329 887 3398 ἐκ
902 3329 1013 3420 χειρός
1035 3330 1069 3407 ἐς
1085 3324 1124 3398 τό
1145 3331 1270 3420 στῆθος
1291 3328 1401 3414 ξυστῷ

280 3436 385 3555 μωρῷ,
407 3435 462 3502 καλ
486 3430 505 3502 ό
525 3425 644 3524 θώραξ
663 3425 965 3523 ἐσχετήνπληγην·
993 3434 1248 3522 Πτολεμαῖος
1272 3430 1322 3514 δὲ,
1344 3424 1407 3499 τόν·

279 3531 365 3657 μηρόν
391 3529 538 3623 διαμπάξ
553 3530 671 3655 βαλών
697 3538 757 3604 τοῦ
780 3532 885 3619 Ἰνδοῦ,
907 3527 1101 3620 καταβάλλει
1121 3559 1157 3603 τε
1178 3534 1232 3602 καλ
1254 3525 1401 3602 σκυλεύει

279 3629 369 3710 αὐτόν.
389 3633 443 3718 Ὡς
465 3634 561 3707 66
522 3639 579 3707 τον
599 3630 739 3762 ἡγεμόνα
760 3641 857 3730 σφῶν
872 3638 1070 3724 κείμενον
1038 3663 1069 3707 οι
1091 3629 1175 3729 ἄμφ’
1193 3631 1290 3758 66666
1305 3629 1401 3719 εἶδον,

277 3730 354 3812 οὗτοι
381 3742 440 3831 μὲν
471 3732 580 3810 οόκότι
609 3740 735 3827 έμενον
763 3741 796 3809 06
820 3740 914 3825 66,’
896 3768 931 3809 εκ
958 3743 1023 3809 τῶν
1048 3734 1134 3831 όρῶν
1155 3732 1326 3861 αἰρόμενον
1344 3734 1401 3808 τόν

275 3844 375 3938 νεκρόν
395 3847 458 3914 τοῦ
477 3837 629 3936 ὑπάρχου
656 3836 780 3923 ἰδόντες
800 3837 888 3935 πρός
911 3846 976 3910 τῶν
1002 3843 1176 3928 πολεμίων,
1202 3834 1341 3963 ἤλγησάν
1363 3847 1402 3909 τε

272 3950 317 4018 καλ
337 3941 597 4040 καταδραμόντες
618 3940 867 4029 ξυνάπτουσιν
849 3971 892 4015 επ
919 3941 1008 4034 6666
1022 3938 1128 4071 μάχην
1142 3941 1300 4069 καρτερόν
1315 3939 1403 4036 πρός

270 4055 313 4141 τῷ
337 4044 485 4143 γηλόφῳ.
506 4044 656 4172 ’Ὴδη
615 4075 676 4142 γαρ
708 4052 762 4118 καὶ
785 4042 1058 4169 Ἀλέξανδρος,’
1044 4073 1126 4135 εχων
1146 4046 1224 4125 τούς
1246 4042 1314 4117 άπό
1336 4049 1402 4115 τοῖν

267 4154 376 4225 ἵππων
383 4146 654 4278 καταβεβηκότας
674 4148 811 4237 πεζοός,
835 4148 921 4245 πρός
942 4178 988 4240 τιγ
976 4142 1181 4243 γηλόφῳ
1159 4177 1205 4242 ην
1227 4144 1350 4220 Καὶ
1311 4176 1402 4219 ουτοι

266 4252 484 4350 ἐπιγενόμενοι
510 4250 606 4345 μόγις
632 4256 772 4339 ἐξέωσαν
797 4251 875 4333 τοός
902 4249 1062 4377 λνδρός’
1047 4279 1082 4333 ες
1106 4248 1150 4322 τά
1176 4246 1237 4345 όρη
1263 4253 1318 4322 καλ
1342 4256 1403 4322 τοῦ

263 4365 380 4454 νεκροῦ
396 4354 584 4453 ἐκράτησαν.
605 4352 866 4450 Ὑπερβαλωνδδ
886 4353 928 4427 τά
949 4351 1011 4450 όρη
1028 4355 1277 4448 Ἀλέξανδρος
1258 4381 1293 4434 ες
1307 4347 1403 4425 πόλιν

262 4457 491 4556 κατῆλθεν,
466 4492 488 4553 ῃ
521 4458 624 4551 όνομα
653 4453 691 4554 ἦν
726 4455 901 4553 Ἀριγαῖον·
933 4462 987 4529 καλ
1018 4458 1135 4552 ταύτην
1166 4449 1404 4550 καταλαμβάνει

260 4562 589 4689 ἐμπεπρησμένην
568 4559 636 4635 υπό
672 4567 738 4634 τῶν
773 4556 976 4633 ενοικοόντων
1006 4564 1061 4632 καλ
1094 4556 1171 4642 τοός
1202 4554 1402 4689 ἀνθρώπους

262 4662 484 4765 πεφευγότος.
511 4662 667 4742 Ἐνταῦθα
693 4670 732 4739 66
757 4667 913 4761 ἀφίκοντο
942 4662 1030 4755 ου’τῳ
1055 4666 1169 4735 καὶ
1136 4691 1169 4736 οι
1195 4658 1285 4757 άμφὶ
1310 4655 1400 4755 Κρό
