3300 5600
792 603 853 666 108
938 596 945 611 '

255 763 366 857 γάλων·
381 761 491 850 ὄντων,
516 768 570 834 καὶ
597 761 732 855 ἐχόντων
752 763 897 848 ὠιάνθας
918 771 974 839 ἐπὶ
995 774 1037 862 τῇ
1057 774 1203 865 κεφαλῇ,
1224 797 1289 864 φερ

254 875 397 941 κίνδυνον
416 876 487 948 τοῖς
510 870 652 961 θηρίοις.
674 865 822 955 Ἀναθεῖν
842 874 901 958 μὲν
923 864 978 941 οὖν
999 871 1098 966 ἔαρος
1117 871 1198 952 τούς
1217 896 1290 943 κεστ

254 966 346 1063 γδνον
376 969 520 1058 ἔχοντας·
549 968 663 1063 μικράν
688 976 729 1040 δὲ
755 971 824 1065 πρδ
854 977 979 1054 δύσεως
998 971 1167 1068 Πληϊάδος
1188 983 1290 1062 scroti

254 1077 447 1162 τεξομένοας
466 1068 626 1167 ἀθρόους,
649 1071 705 1145 ὅτε
723 1079 779 1145 καὶ
804 1074 825 1169 ἡ
849 1074 972 1158 ἅλωσις
992 1076 1095 1149 αὐτῶν
1115 1082 1237 1169 γίνεται
1254 1105 1290 1148 πε

255 1173 400 1250 πτὸντων
417 1183 484 1258 τοῖς
503 1170 690 1271 φράγμασιν
708 1174 845 1273 α’θρδον.
870 1177 1026 1275 Τοιαδτην
1035 1184 1073 1253 δέ
1081 1209 1154 1252 τινα
1169 1175 1290 1265 εἰκάζει

255 1284 309 1351 καί
329 1282 409 1370 περὶ
427 1284 485 1371 τῆς
504 1282 651 1372 θρίσσης
668 1282 736 1352 αἰτί
774 1335 782 1353 .

300 1391 342 1456 Ut
363 1389 423 1454 sibi
440 1400 598 1456 constaret
621 1390 669 1455 vel
692 1391 894 1457 Aristobulur
916 1394 965 1459 rel
984 1394 1118 1472 Strabo,
1139 1414 1211 1456 meo
1222 1393 1290 1458 biart

255 1484 421 1569 Πλειάδος
435 1498 560 1561 restitui
570 1484 738 1583 Πληϊάδος
755 1497 810 1586 (et.
827 1499 955 1586 Fragm.
973 1499 1123 1579 XXXIV,
1142 1498 1288 1586 XXXV.)

256 1601 399 1667 dubitavi
421 1590 558 1679 εἰκάζειν
573 1597 643 1666 ἐστὶ
655 1614 778 1668 mutare
790 1605 824 1669 in
844 1598 901 1667 εἰκ.
923 1596 1003 1668 ἔστι.
1025 1604 1285 1672 Animadvertam

249 1729 321 1773 ‚non
340 1703 622 1792 legendumsidcri
633 1697 896 1793 περιπιπτόντων
915 1744 955 1759 -
979 1699 1145 1798 ἀθρόον,
1163 1711 1220 1775 sed
1241 1703 1289 1774 oid

257 1810 527 1900 quemadmodum
548 1810 644 1895 paulo
662 1816 736 1876 ant'e
754 1813 905 1879 scribitur
926 1809 1115 1894 τεξομίνους
1130 1853 1170 1866 —-
1183 1805 1290 1902 άδρόο

301 1920 481 1984 Recensent
500 1914 565 1981 Nili
592 1917 693 2002 pisces
720 1917 901 1984 Athenaeus
923 1918 985 1986 VII
1007 1941 1040 2004 p.
1068 1922 1131 1984 311
1162 1921 1202 1999 F,
1231 1921 1290 1985 312

258 2025 373 2090 Strabo
399 2025 491 2094 XVII
511 2044 543 2108 p.
565 2026 652 2088 1178
673 2025 699 2088 I)
718 2046 767 2111 sq.
801 2024 897 2108 Quod
916 2044 991 2089 vero
1013 2026 1100 2110 apud
1117 2026 1206 2091 hunc
1228 2049 1288 2091 con

258 2132 475 2211 Aristobulus,
499 2129 667 2217 delphinos
690 2131 724 2194 in
741 2131 813 2196 Nilo
835 2131 970 2217 reperiri
988 2121 1043 2194 διά
1062 2123 1101 2197 τά
1122 2130 1290 2219 κρείττους

258 2235 323 2302 τῶν
337 2233 568 2323 κροκοδείλων,
592 2235 712 2322 optime
743 2237 882 2302 illustrat
902 2234 1043 2313 Plinius,
1064 2235 1156 2319 cujus
1180 2239 1290 2316 narret}

260 2341 347 2427 legas
367 2340 456 2409 VIII.
477 2343 534 2408 38.

747 2555 895 2620 XXXIX.

305 2726 420 2793 Strabo
439 2729 499 2799 XV
516 2750 549 2815 p.
575 2729 659 2795 1017
682 2729 721 2797 Δ.
744 2730 781 2796 Β.
806 2719 899 2794 Κανά
917 2719 972 2792 τὸν
991 2717 1224 2820 Ἀκεσίνηνικαὶ
1242 2717 1290 2815 την

262 2825 364 2921 βολήν
380 2825 436 2922 τῆν
454 2830 541 2921 πρδς
556 2823 707 2924 Ὺάρωτιν
725 2832 780 2898 καὶ
798 2820 1099 2919 Ἀριστόβουλος
1119 2830 1229 2918 εἴρηκε
1244 2850 1290 2902 πε.

260 2934 586 3022 κατακαμπτομὲνοος
601 2926 735 3020 ἐχόντων
745 2930 822 3010 τούς
831 2923 983 3014 κλάδους,
995 2932 1049 2998 καί
1059 2930 1139 3020 περὶ
1148 2935 1208 2998 τοῦ
1219 2930 1290 3018 μεγί

210 3039 212 3044 ’
262 3031 347 3104 ὥσθ’
366 3030 427 3129 εἶφ’
446 3038 493 3106 ἑνί
519 3037 642 3128 δένδρῳ
670 3036 902 3127 μεσημβρίζειν
927 3034 1157 3119 σκιαζομέναις
1177 3032 1290 3109 ἱππέας

262 3137 411 3230 τήκοντα·
433 3134 528 3218 οὗτος
548 3141 586 3209 δὲ
604 3140 837 3233 (Ὀνησίκριτος)
854 3139 1092 3229 τετρακοσίους.
1106 3136 1209 3224 Λέγει
1220 3129 1287 3203 deri

264 3236 483 3329 στόβουλος
503 3246 557 3314 καὶ
575 3238 654 3313 <too
677 3245 818 3334 δένδρον,
833 3241 873 3312 οὐ
885 3242 982 3330 μέγα,
1003 3232 1164 3328 μεγάλους
1185 3233 1290 3324 dodosi!

264 3339 308 3427 ως
327 3342 346 3417 ὁ
365 3340 502 3434 κύαμος,
522 3348 601 3417 δίκα
620 3339 796 3425 δακτύλους
810 3340 851 3415 cd
869 3348 988 3437 μῆκος,
1006 3337 1141 3435 πλήρεις
1160 3342 1290 3429 με’λιτος

265 3450 303 3519 δὲ
323 3445 488 3542 φαγόντας
505 3444 545 3520 ori
563 3451 687 3544 ῥᾳδίως
705 3447 883 3531 σώζεσθαι.
1201 3501 1206 3514 ,

308 3562 424 3626 Tribus
443 3562 566 3648 magnis
588 3559 792 3639 fluminibus,
812 3557 980 3645 Hydaspe‚
998 3555 1159 3644 Hydrunte
1179 3577 1237 3620 seu
1260 3556 1289 3619 H

266 3678 298 3732 et
319 3666 460 3754 Hyphasi
479 3669 512 3733 in
534 3667 661 3744 alveum
681 3666 835 3751 receptis,
861 3665 1029 3743 Acesines,
1053 3673 1177 3727 servato
1196 3684 1290 3747 sempr

266 3773 370 3853 mine,
393 3774 427 3837 in
450 3772 565 3838 Indum
581 3774 697 3839 fertur.
731 3771 805 3840 vid.
830 3771 958 3838 Arrian.
975 3769 1069 3856 Eup.
1091 3766 1290 3836 Ateae.v1.;

268 3867 378 3946 Ικδίά.
407 3881 467 3946 ΙΙΙ.
502 3883 555 3947 10.
590 3873 652 3944 ΙΙΙο
678 3880 780 3967 igitur
801 3888 924 3957 tractu,
950 3899 1015 3964 quo
1043 3878 1078 3940 in
1100 3875 1271 3939 Acesinum

267 3986 459 4074 Hydraotes,
480 3985 567 4074 quod
588 3987 686 4051 visam
705 3985 766 4049 sibi
780 3984 928 4050 arborem
948 3994 1082 4048 testatur
1098 3980 1289 4047 Aristobulu

268 4093 362 4179 cujus
391 4094 484 4159 ramis
506 4093 636 4158 deflexis
661 4096 704 4158 50
728 4093 852 4179 equites
872 4100 999 4176 possent
1021 4087 1198 4166 meridiari,
1223 4089 1258 4150 in
1277 4109 1290 4151 ε

269 4222 321 4265 sus
341 4199 574 4265 veredicentior
591 4198 729 4280 videtur,
750 4219 816 4285 quo
836 4198 936 4284 magis
959 4196 1058 4261 ceteri
1081 4193 1254 4259 Alexandri
1272 4216 1291 4258 c

191 4395 192 4399 Ἰ
269 4309 488 4393 et.scriptores
508 4305 711 4372 incredibilia
734 4316 917 4370 narrarunt.
950 4304 996 4368 Ne
1018 4302 1103 4366 enim
1124 4299 1165 4364 ad
1185 4299 1290 4365 Onesi*

169 4484 170 4489 γ
270 4415 472 4500 confugiam,
493 4415 551 4500 qui
570 4412 744 4478 earundem
766 4412 917 4475 arborum
940 4409 1089 4476 umbram
1107 4410 1211 4472 octies
1229 4408 1290 4470 feci

268 4522 377 4603 forem
397 4520 461 4607 (ap.
490 4520 595 4585 Strab.
617 4521 640 4586 Ι.
665 4517 717 4606 1.),
736 4518 919 4583 memorabo
937 4517 1106 4599 deinceps,
1130 4534 1227 4599 quem
1245 4513 1290 4575 Di

272 4626 387 4714 (XVII.
406 4623 477 4713 90.)
496 4628 660 4712 sequitur,
680 4626 890 4712 scriptorem,
915 4625 980 4716 sire
994 4623 1021 4686 is
1037 4620 1223 4688 Clitarchus·
1236 4617 1290 4683 hat
