3300 5600
862 599 922 661 162

323 762 493 859 τριάκοντα
513 772 605 850 μναῖ,
628 762 681 831 καὶ
700 790 746 885 τῳ
736 767 864 855 τρέτῳ
880 768 966 834 δέκα.
994 767 1065 834 Τῶν
1083 758 1139 834 οὖν
1151 761 1290 836 πιόντων
1303 766 1358 837 τόν
1371 765 1472 841 οἴνου

324 871 525 961 παραχρῆμα
549 867 608 952 μέν
635 859 888 957 ἐτελεύτησαν
868 862 937 936 aad
961 871 1021 936 τοῦ
1047 863 1180 961 ψύχους
1206 864 1376 962 τρῶικοντα
1400 888 1472 954 noe]

323 973 441 1041 πέντε·
469 967 582 1062 μικρόν
603 972 640 1040 δὲ
661 961 903 1062 διαλιπόντες
886 995 918 1038 εν
939 976 1011 1047 ταῖς
1032 979 1161 1062 σκηναῖς
1182 974 1228 1056 ἕξ.
1255 969 1344 1045 Οδέ
1364 978 1472 1048 πλεῖ

324 1099 400 1144 osor
425 1070 510 1143 πιῶν
535 1077 589 1143 καὶ
614 1067 744 1163 νικήσας
767 1070 841 1143 ἔπιε
861 1066 963 1159 μέν’
941 1067 1081 1163 ακρότου
1103 1068 1183 1160 χόας
1203 1077 1378 1169 τέσσαρας,
1399 1096 1472 1158 καὶ

321 1205 361 1246 το
352 1170 537 1246 τόλαστον
557 1177 685 1263 ἐλαβεν,
708 1175 827 1261 totoue
848 1168 925 1244 δὲ
905 1176 967 1266 ημέ
969 1201 1030 1266 ρας
1049 1178 1228 1267 τέσσαρας,
1253 1179 1392 1250 ἐκαλεῖτο
1412 1191 1465 1260 δὲ

323 1275 513 1372 Πρόμαχος.

827 1409 951 1417 ...ιι-.-

367 1549 529 1617 Plutarch.
555 1547 606 1616 V
591 1561 630 1614 st
656 1547 706 1614 At
705 1572 753 1612 err
776 1547 871 1614 Lxx.
898 1537 929 1616 ‘0
949 1541 1208 1637 Ἀλέξανδρος
1186 1542 1255 1616 από
1272 1572 1330 1639 της
1344 1573 1441 1640 πυρα,

322 1647 502 1741 γενόμενος,
524 1653 578 1718 καὶ
600 1644 784 1738 συναγωγῶν
803 1641 947 1724 πολλοὺς
967 1650 1032 1715 τῶν
1053 1648 1160 1775 φίλων
1181 1651 1234 1717 uoti
1255 1654 1320 1718 τῶν
1337 1644 1436 1743 ηγεμό-

322 1765 382 1824 νων
403 1756 460 1823 ἐπὶ
481 1758 624 1836 δεῖπνον,
639 1744 754 1839 όγῶνα
768 1743 941 1843 προόθηκε
953 1752 1007 1821 καὶ
1023 1751 1185 1842 στέφανον
1199 1748 1431 1843 ἀκρατοποσίας

199 1928 207 1937 ,
319 1853 424 1945 Ομὲν
438 1849 494 1927 οὖν
505 1859 657 1924 πλεῖστον
670 1849 762 1938 artois,
781 1845 975 1976 Πρόμαχος,
992 1849 1071 1946 όχρι
1085 1856 1171 1939 χοῶν
1184 1850 1352 1947 τεσσάρων
1366 1882 1429 1946 προ

322 1964 427 2053 ἦλθε·
454 1960 509 2028 καὶ
535 1954 643 2044 λοβῶν
666 1957 704 2026 τό
729 1951 920 2049 νικητήριον,
949 1959 1110 2082 στέφανον
1130 1953 1303 2045 ταλάντου,
1329 1955 1428 2052 ἡμέρας

320 2070 409 2156 τρεῖς
423 2063 570 2154 ἐπέζησε.
597 2065 668 2130 Τῶν
685 2062 722 2130 δὲ
736 2052 898 2187 όλλων,
871 2084 917 2137 ως
927 2053 991 2128 Χ
973 2089 994 2129 α
1004 2087 1075 2153 ρης
1089 2065 1204 2153 φησὶν,
1218 2058 1428 2155 τετταράκοντα

320 2168 374 2235 καὶ
386 2192 434 2249 εις
405 2162 662 2235 α’πέθανον’
620 2191 746 2233 πινοντ
735 2189 780 2247 ς,
792 2164 929 2253 ισχυρου
936 2190 975 2254 τη
962 2165 1075 2255 μέθη
1086 2159 1206 2256 κρόοος
1217 2167 1426 2256 επιμενσμένοιι.

365 2275 518 2339 Athenaei
547 2274 618 2338 loco
637 2273 958 2359 Schweighaeuserus
978 2293 1015 2335 ex
1034 2295 1098 2337 uno
1118 2274 1257 2339 codice
1244 2298 1320 2356 Jure
1343 2271 1426 2337 viudi-

324 2380 545 2446 c'assesidetur
556 2400 664 2444 vocem
675 2373 858 2467 νενημένην,
875 2399 969 2464 quae,
982 2370 1176 2467 quamquam
1188 2382 1228 2444 ab
1237 2383 1426 2468 Epitomatore

321 2486 434 2550 omissa
451 2498 497 2550 est
513 2486 662 2572 salvaque
681 2483 836 2548 sententia
858 2495 961 2568 potest
978 2487 1097 2565 omitti,
1117 2489 1242 2573 saepius
1265 2500 1427 2552 tamencum

189 2592 190 2597 ’
297 2674 301 2680 Ι
324 2591 477 2656 vocabulo
494 2588 585 2676 πυροὶ
599 2589 825 2676 conjungitur,
854 2601 891 2653 ut
910 2612 961 2674 ap.
982 2591 1099 2660 Herod.
1119 2594 1145 2659 l.
1167 2598 1210 2659 50
1233 2606 1264 2657 et
1285 2594 1324 2658 de
1343 2589 1428 2660 Caleni

321 2719 398 2783 rogo
423 2720 474 2782 op.
500 2691 626 2764 Arrian.
657 2696 731 2765 Vll.
763 2697 794 2760 3.
821 2695 854 2761 2.
878 2696 992 2759 Mirum
1011 2718 1085 2763 vero
1109 2710 1173 2776 est,
1191 2700 1278 2786 quod
1301 2701 1428 2781 deinceps

320 2799 405 2890 apud
428 2805 628 2869 Athenaeum
651 2799 830 2868 Alexander
855 2803 1028 2868 instituisse
1043 2804 1162 2870 dicitur
1179 2796 1327 2891 γυμνικόν
1345 2795 1430 2890 ἀγῶνα

319 2909 373 2974 καὶ
400 2902 553 2991 μουσικόν
572 2904 788 2993 ἐγκωμίων,
819 2929 902 2993 quae
923 2921 1082 2994 postrema
1100 2933 1179 2993 vox,
1208 2923 1244 2977 ut
1260 2911 1329 2995 jam
1351 2908 1431 2974 auin·

320 3014 456 3080 advertit
480 3012 703 3090 casaubonus,
731 3025 858 3097 praeter
885 3016 1022 3088 aliorum
1042 3019 1306 3084 cousuetudinem
1327 3016 1472 3100 adjecta

321 3132 378 3187 est.
411 3120 454 3185 Ut
478 3141 563 3184 nunc
584 3119 702 3226 legitur
721 3118 829 3199 loous,
847 3121 890 3185 ita
908 3133 1032 3193 tantum
1049 3126 1207 3189 musicum
1225 3121 1472 3189 enormiorem

231 3271 235 3279 -
321 3238 481 3291 certamen
502 3211 653 3309 explicari
673 3246 763 3309 posse
782 3171 927 3302 vitietur,
946 3238 983 3292 ut
998 3230 1185 3295 Macedones
1197 3252 1363 3316 praemio
1374 3248 1435 3315 pro·

321 3334 441 3418 posito,
456 3353 490 3394 ro
499 3328 607 3395 Galam
617 3330 764 3395 laudibus
774 3332 1013 3417 praedicandas
1004 3348 1088 3400 iuter
1099 3360 1133 3400 se
1142 3350 1278 3402 certasse
1290 3348 1435 3423 putemus,

321 3459 404 3525 quae
434 3447 537 3501 tamon
567 3437 737 3521 explicatio
766 3459 877 3503 vereor
903 3463 942 3505 an
959 3444 1032 3505 satis
1051 3444 1187 3529 placeat.
1211 3442 1300 3526 Quid
1320 3442 1437 3508 Arriano

320 3542 480 3608 laudando
506 3543 642 3607 voluerit
662 3542 1005 3629 Schweighaeuserus,
1037 3571 1097 3613 non
1126 3572 1286 3637 assequor.
1312 3551 1343 3614 ls
1367 3548 1438 3613 enim

321 3650 391 3717 Vll.
413 3652 464 3715 14.
485 3651 526 3713 10
549 3649 605 3735 (cl.
625 3649 683 3713 lll.
708 3652 738 3715 1.
757 3653 795 3729 4,
815 3657 847 3717 5.
869 3653 907 3730 2,
928 3657 960 3718 6.
981 3651 1026 3740 1.)
1050 3646 1157 3738 ἀγῶνα
1175 3644 1324 3739 γυμνικόν
1343 3675 1379 3718 τε
1396 3645 1439 3715 καὶ

320 3749 473 3837 μουσικόν
488 3765 653 3830 memorat,
672 3775 771 3840 quum
785 3779 844 3841 pro
857 3762 978 3824 musico
991 3762 1164 3824 certamine
1175 3759 1270 3823 modo
1282 3756 1439 3840 λαμπαδη-

320 3856 459 3944 δρομίαν
472 3858 613 3929 habitam
634 3873 742 3925 narret
762 3861 817 3949 (ll.
836 3866 890 3929 24.
911 3868 951 3944 6,
978 3867 1037 3932 111.
1064 3869 1116 3931 16.
1138 3864 1205 3951 9.),
1227 3885 1326 3949 quam
1347 3874 1438 3926 tamen

321 3963 397 4028 alibi
418 3964 471 4051 (Il.
496 3972 527 4031 5.
549 3965 596 4044 3.)
614 3965 662 4028 illi
681 3965 865 4053 conjungit,
892 3970 986 4035 modo
1003 3962 1137 4035 ἱππικόν
1155 3962 1263 4053 οἷμῶνα
1284 3968 1337 4053 (V.
1360 3971 1391 4034 3.
1407 3970 1439 4043 6,

322 4074 354 4137 8.
386 4076 426 4150 3,
458 4075 514 4138 20.
546 4077 581 4148 l,
613 4074 666 4137 29.
696 4071 758 4156 2.);
793 4076 848 4139 sed
870 4068 990 4160 ἀγῶνος
1010 4073 1165 4159 μουσικοῦ
1183 4071 1441 4157 ε’μκωμέωνααΙΙτ

322 4198 457 4263 usquam
475 4179 560 4264 opud
578 4180 671 4242 illum
689 4192 788 4244 exstat
800 4182 963 4247 memoria.
985 4181 1134 4263 Ejusdem
1145 4178 1230 4265 apud
1243 4180 1442 4247 Plutarchum

213 4346 217 4357 ,
322 4305 454 4370 quoque
482 4286 655 4371 vestigium
687 4285 773 4350 haud
800 4288 979 4367 inveneris,
1006 4289 1063 4373 qui
1094 4284 1128 4352 V
1129 4290 1168 4350 it.
1189 4284 1287 4351 Alam.
1305 4287 1350 4356 IV
1369 4289 1443 4351 inter

322 4391 443 4455 musica
460 4392 652 4469 certamina,
672 4413 754 4477 quae
765 4393 945 4458 Alexander
957 4393 1052 4457 edero
1065 4403 1289 4471 consueverat,
1308 4402 1446 4459 recenset

322 4483 445 4577 ἀγῶνας
464 4486 502 4559 oti
521 4485 619 4576 μόνον
636 4496 812 4583 τραγῳδῶν
831 4496 885 4562 καὶ
905 4494 1046 4585 αὐλητῶν
1063 4495 1120 4561 ιιαλ
1138 4496 1350 4583 κιθαρῳδῶν,
1374 4490 1448 4562 ἀλλὰ

322 4594 375 4658 καὶ
396 4588 570 4685 ῥαψῳδῶν.
593 4600 674 4664 llioo
692 4602 791 4685 igitur
809 4614 844 4667 ut
865 4604 943 4668 nihil
964 4604 1111 4688 praesidii
1132 4612 1263 4687 paretur
1280 4602 1322 4667 ad
1343 4623 1447 4669 voocnr
