3300 5600
807 572 848 634 ld

782 745 870 811 XXl.

304 933 431 1002 Arriae.
455 933 513 1004 vl.
538 935 571 1006 2,
596 935 627 1000 4.
643 917 703 1020 Ἦν
721 925 761 999 sd
780 924 910 1016 ξύμπαν
928 934 1061 1023 πλῆθος
1079 932 1375 1030 roveceastriae

259 1039 513 1121 Πτολεμαῖος
533 1028 551 1103 ὁ
570 1026 715 1125 Λάγου,
737 1026 766 1121 ql
784 1027 925 1119 μάλιστα
945 1031 1155 1125 ἐγαὶὲπομαι,
1174 1035 1375 1136 τριακόντορο

258 1138 318 1223 μὲν
346 1137 380 1216 ἐς
409 1130 616 1228 ὀγδοήκοντα·
645 1131 688 1205 τοὶ
717 1138 755 1205 δὲ
781 1130 888 1205 πάντα
907 1141 1008 1207 πλοῖα
1028 1135 1084 1208 orio
1101 1150 1170 1220 τοῖς
1190 1145 1375 1236 ἱππαγωγοὶ

258 1243 313 1310 καὶ
343 1235 405 1310 ὅσα
434 1234 517 1309 ἄλλα
544 1232 691 1326 ποτάμια
709 1233 732 1330 ἢ
749 1242 815 1307 τῶν
833 1233 936 1310 πάλαι
955 1236 1117 1314 πλεόντων
1136 1242 1218 1315 κατα
1237 1245 1315 1327 τούς
1333 1275 1375 1319 πο

258 1339 382 1429 ταμούς
407 1337 431 1434 ἢ
443 1343 491 1420 ,ἐν
519 1343 569 1430 τῷ
597 1336 673 1413 τότε
700 1341 905 1433 ποιηθέντων
933 1341 974 1414 ον’
1002 1342 1089 1416 nolti
1121 1342 1305 1420 ἀποδέοντα
1333 1356 1375 1422 τῶ

259 1447 434 1533 δισχιλίων.

302 1554 350 1621 De
376 1577 509 1621 numero
535 1555 753 1640 navigiorum,
781 1553 975 1640 quibuscum
994 1557 1026 1621 in
1047 1556 1195 1645 Hydaspe
1211 1552 1375 1648 navigatur

258 1675 325 1743 est,
354 1663 439 1728 inter
468 1660 641 1729 Alexandri
664 1661 704 1727 M.
725 1659 896 1745 scriptores
922 1682 985 1726 non
1013 1665 1213 1746 convenisse,
1232 1666 1298 1750 jam
1323 1670 1375 1733 sati

257 1769 442 1835 declaratur
458 1768 521 1834 hoc
541 1768 669 1833 Arriani
687 1766 828 1845 monito,
852 1754 898 1839 οἷς
915 1763 1001 1851 λέγει
1013 1761 1249 1850 Πτολεμαῒοςὸ
1264 1761 1375 1857 Adycs

258 1863 288 1958 ᾦ
307 1864 449 1958 μάλιστα
470 1864 532 1959 ἐγώ,
554 1870 690 1956 ἕπομαι,
719 1881 813 1936 testes
838 1870 1020 1956 adspernati
1049 1874 1232 1941 Nearchum
1260 1888 1293 1941 et
1312 1878 1375 1943 One

258 1979 416 2045 sioritum.
455 1978 498 2043 Ut
524 1997 600 2042 vero
629 1976 705 2043 hino
724 1977 799 2062 jure
825 1979 998 2060 miramur,
1029 1980 1108 2067 quid
1135 1981 1308 2048 Arrianum
1329 2005 1375 2050 mo

257 2085 359 2165 serit,
382 2095 419 2149 ut
445 2083 554 2150 lodic.
580 2084 668 2152 XIX.
691 2087 711 2151 7
733 2085 870 2151 Nearchi
892 2087 1091 2172 potissimum
1118 2091 1375 2155 recensionems*

257 2201 407 2272 secutus,
426 2192 472 2256 ita
500 2191 601 2278 magis
627 2191 722 2256 etiam
741 2192 860 2256 mirum
883 2190 1025 2272 videtur,
1048 2194 1154 2280 ipsum
1177 2196 1286 2260 classis
1305 2218 1375 2283 prae

210 2359 213 2363 ,
257 2298 380 2363 fectum
399 2321 418 2362 a
436 2319 511 2363 sero
529 2309 594 2362 tam
614 2296 712 2384 longe
731 2297 880 2362 aberrare
899 2300 1059 2382 potuisse,
1087 2311 1124 2366 ut
1140 2301 1208 2366 fere
1229 2304 1319 2367 mille
1339 2301 1375 2367 dn

259 2415 367 2469 centos
390 2425 485 2469 naves
513 2405 617 2467 minus
647 2405 862 2470 numeraverit
889 2426 986 2491 quam
1008 2407 1190 2473 Ptolemaeo
1215 2419 1375 2474 numerata

258 2507 406 2578 vidimus.
431 2508 615 2573 Secundum
628 2509 809 2576 Nearchum
827 2512 912 2576 enim
930 2507 1003 2596 νῆες
1019 2508 1054 2576 oi
1064 2502 1234 2595 σύμπασαι
1244 2504 1375 2580 durant

258 2632 344 2679 οιαι
356 2602 453 2702 ἦσαν,
474 2616 656 2701 gravissimo
675 2614 875 2697 discrimine,
893 2617 946 2681 cui
959 2628 996 2680 ut
1013 2628 1232 2696 succurreret,
1252 2617 1375 2685 Schmis

258 2719 354 2786 derus
372 2722 537 2786 numerale
556 2719 656 2804 χίλιαι
671 2704 939 2810 interponendum
962 2744 1029 2786 esse
1046 2722 1202 2807 conjecit,
1216 2723 1375 2790 Nearchus

257 2828 359 2893 mille
375 2831 589 2915 octingentes
608 2851 702 2894 naves
730 2832 926 2895 recensuisse
948 2841 1047 2896 ratus.
1081 2831 1187 2917 Atque
1210 2830 1294 2898 hanc
1321 2854 1375 2898 coo

255 2935 413 3019 jacturam
430 2934 521 3000 video
543 2933 699 3020 placuisse
720 2936 884 3023 Droyseno
910 2959 942 3022 p.
971 2938 1053 3017 4283
1076 2936 1163 3022 quod
1183 2938 1306 3002 factum
1328 2938 1375 3003 nol

258 3041 333 3109 lem.
358 3042 456 3124 Quasi
477 3040 600 3107 scilicet
618 3053 682 3107 tam
708 3041 856 3128 despecta
868 3044 908 3106 sit
925 3042 1056 3106 Diodori
1075 3054 1106 3107 et
1124 3045 1225 3109 Curtii
1244 3044 1342 3126 fides,
1362 3068 1375 3109 o

258 3144 373 3211 horum
387 3148 565 3213 testimonia
579 3149 686 3213 facere
698 3148 790 3214 nihili
801 3149 917 3228 liceat,
937 3147 1032 3214 modo
1050 3150 1255 3234 conjecturae
1266 3175 1326 3240 ope
1336 3152 1375 3217 N(

259 3253 391 3319 archum
401 3255 583 3320 Ptolemaeo
594 3256 882 3342 aliquaconcordia
897 3255 1139 3342 conjungamus.
1155 3256 1218 3321 Sed
1229 3258 1313 3322 istud
1328 3281 1375 3346 qu

259 3359 331 3426 dem
341 3361 391 3438 vir
404 3360 614 3443 crediderim,
633 3365 659 3427 si
672 3363 724 3427 oui
736 3362 832 3427 etiam
846 3362 902 3426 ille
916 3362 1126 3448 probabiliter
1139 3385 1282 3429 narrasse
1294 3363 1375 3428 vides

259 3480 326 3548 tur,
345 3468 403 3554 qui
421 3466 637 3533 Alexandrum
650 3491 725 3534 cum
736 3468 865 3533 duobus
880 3470 1008 3533 navium
1021 3468 1182 3533 millibus
1200 3470 1231 3533 in
1250 3470 1375 3557 llydasp

259 3573 424 3661 navigasse
448 3574 658 3642 contenderit.
693 3575 778 3659 Quid
800 3587 907 3640 autem
929 3575 1111 3640 Diodorus?
1140 3575 1225 3658 Quid
1246 3577 1373 3642 Curtius

259 3681 404 3767 Uterque
424 3679 529 3769 (Diod.
552 3682 656 3751 XVll.
676 3683 739 3762 95,
760 3683 849 3751 Curt.
872 3681 895 3749 l.
916 3682 939 3749 l.
962 3678 1032 3767 22.)
1064 3682 1163 3745 mille
1188 3693 1313 3748 tantum
1342 3706 1375 3748 na

259 3787 347 3851 sium
358 3788 584 3857 meminerunt.
609 3789 695 3872 Quin
707 3789 818 3875 igitur,
837 3811 900 3853 nou
918 3787 991 3853 dico
1003 3788 1185 3854 Ptolemaeo
1196 3789 1375 3855 Nearchum

260 3892 315 3958 sed
333 3893 409 3959 huic
434 3890 528 3960 illum
548 3894 784 3983 quodammodo
809 3896 1017 3961 conciliamus
1041 3917 1180 3983 cumque
1205 3894 1345 3961 Diodoro
1367 3918 1375 3959 s

260 3999 369 4065 Curtio
391 3996 423 4064 ih
456 4003 588 4088 gratiam
617 4002 815 4088 redigimus?
847 4002 1048 4083 scribamus,
1071 4004 1220 4091 inquam,
1252 4014 1288 4067 ut
1316 4002 1375 4068 ben

260 4107 437 4191 procedant
457 4111 579 4193 omnia,
596 4110 628 4174 in
641 4110 820 4197 fragmento
836 4108 1010 4175 Ptolemaei
1031 4131 1040 4175 ι
1064 4097 1105 4172 od
1118 4100 1204 4174 sold
1217 4097 1375 4176 α’ντοδὲοντ

260 4208 325 4277 τοῖν
348 4210 496 4298 χιλίων.

703 4416 705 4422 ,
790 4338 864 4420 xu,

306 4508 432 4579 Arrian.
466 4514 524 4582 Vl.
560 4515 614 4579 10.
648 4517 684 4592 1,
719 4514 756 4593 23
782 4516 836 4578 11.
862 4514 895 4578 7.
927 4499 1144 4597 ’Ἀλέξανδρος
1168 4498 1323 4592 βάλλεται
1344 4517 1375 4616 κο

263 4607 361 4693 αὐτὸς
389 4611 444 4683 dod
472 4617 533 4685 τοῦ
559 4606 713 4707 θώρακος
739 4614 774 4691 ἐς
802 4607 841 4681 sd
872 4614 997 4701 στῆθος
1027 4603 1200 4696 τοξεύματι
1229 4606 1314 4699 ὑπὲρ
1343 4632 1375 4677 τι
