3300 5600
297 765 510 866 τάροάλὶτρφιν
531 770 618 842 ἑπτά
634 774 749 864 μῆνας
766 768 996 868 φυλάττεσθαι
1022 776 1204 863 sermm,
1230 770 1278 857 ‘dt
1304 779 1338 849 dr
1357 788 1405 872 τῷ

299 875 430 968 occipio
447 875 595 969 κριθιὲφ,
614 868 778 970 παρόντος
793 871 1044 970 Ἀριστοτέλους
1065 878 1127 950 ’ὃν
1151 873 1204 981 αἷς
1225 873 1405 975 δ’ἡμέρας

297 973 485 1096 ’φθάξονάρος
502 977 536 1049 dr
554 980 705 1061 Μαλλοῖς
725 975 930 1074 Ὀξυδράκαις
947 973 1094 1073 epoto,
1119 983 1201 1075 trapi
1218 976 1275 1075 τῆν
1300 978 1405 1057 Μίαν

296 1086 465 1167 mehercle,
484 1073 679 1174 άπάρπαχυν
696 1078 865 1173 γενόμενον
884 1084 940 1153 καὶ
964 1082 1218 1176 φθειριάσαντα.
1248 1089 1323 1174 Quo
1346 1115 1404 1181 pe·

295 1183 407 1258 dicnlari
426 1189 539 1257 morbo
558 1189 615 1281 (cl.
633 1190 740 1261 Sturr.
769 1192 810 1259 ad
835 1192 970 1261 Pherec.
988 1216 1022 1280 p.
1042 1195 1083 1259 17
1104 1190 1168 1282 sq.)
1193 1216 1295 1284 quum
1311 1220 1404 1286 prae-

294 1302 331 1360 ter
347 1295 560 1385 Pherecydem
576 1296 724 1386 aliosque
742 1300 839 1365 etiam
857 1299 945 1388 Sylla
966 1297 1156 1382 decesserit,
1180 1298 1222 1366 de
1240 1301 1337 1388 hujus
1354 1306 1405 1374 io·

245 1404 247 1413 '
292 1403 369 1471 terito
387 1423 547 1493 exponens
567 1403 760 1472 Plutarchus
788 1403 827 1476 V
824 1407 866 1474 tt.
892 1405 980 1494 Sptt
1003 1406 1141 1478 mvl
1167 1407 1286 1475 iterum
1306 1429 1317 1476 ι
1337 1407 1406 1479 Ad·

287 1524 363 1587 ροται
378 1505 431 1588 dd,
452 1510 577 1598 inquit,
599 1506 665 1574 ruis
690 1501 836 1601 άστάραν
862 1500 1106 1601 φθειριάσαντα
1132 1509 1323 1602 τελευτῆσαι
1350 1511 1406 1580 καὶ

285 1607 478 1703 leumiim
503 1605 561 1683 τάν
584 1603 760 1697 Ὀλύνθιον,
791 1610 825 1682 dr
853 1611 965 1704 εἱρκτῇ
990 1602 1236 1707 φρουρούμενον
1254 1636 1265 1657 ·
1286 1617 1404 1707 quibus

282 1718 385 1794 partim
400 1719 578 1811 concinunt
593 1719 753 1809 Diogenes
764 1731 797 1785 ot
813 1716 972 1786 Lucienus
990 1718 1015 1790 1.
1033 1721 1057 1791 l.
1080 1720 1244 1810 Denique,
1260 1735 1298 1792 nt
1307 1723 1405 1792 linem

280 1811 324 1884 his
338 1824 468 1906 luciam,
490 1824 668 1893 Aristobuli
689 1826 908 1892 testimonium
926 1826 984 1892 uhi
1002 1828 1246 1915 comprobatum
1266 1830 1404 1920 legimus

278 1921 382 2013 simili,
412 1930 470 1999 sed
496 1932 709 2020 locupletiore
733 1943 766 1997 et
786 1933 987 1999 accuratiore
1007 1931 1148 2001 dharetis
1172 1933 1401 2024 descriptione,

275 2022 383 2105 horum
399 2037 645 2105 duumvirorum
663 2039 856 2107 auctoritate
873 2039 966 2122 lreti,
983 2031 1118 2128 Diogeni
1134 2043 1315 2132 ceterisque
1331 2063 1403 2111 suar

273 2130 387 2210 donare
398 2144 540 2228 fabulas,
557 2145 776 2213 Ptolomaeum
792 2146 891 2213 otiam
909 2167 986 2213 cum
1003 2165 1107 2234 eoque
1123 2147 1274 2215 Curtium
1286 2147 1404 2216 erroris

272 2236 455 2319 immnuta
473 2249 562 2319 haud
580 2272 739 2323 veremur.

775 2494 895 2564 xxtx.

309 2702 494 2772 Athenaeus
512 2704 559 2774 Vl
580 2727 614 2793 p.
633 2709 696 2773 ³51
722 2705 761 2773 A.
800 2693 1107 2792 Ἀριστόβουλός
1136 2696 1277 2796 operosi
1295 2707 1330 2772 Κ
1342 2725 1405 2772 ασ-

264 2802 477 2901 ruotperto,
498 2801 690 2891 Διώξιππον
703 2803 759 2879 τάν
779 2799 957 2896 Ἀθηναῖοι
975 2802 1243 2898 παγκρατιαστήν,
1258 2808 1405 2900 τρωθέν-

263 2917 325 2984 ’09
343 2911 426 2981 ποτὲ
440 2914 500 2980 τοῦ
511 2903 743 3004 Ἀλεξάνδρου,
765 2911 820 2979 καὶ
840 2908 980 2997 αἵματος
1000 2908 1147 2999 ῥέοντος,
1166 2909 1277 2977 εἰπεῖν·

445 3007 548 3105 Ὶχοὶρ,
568 3008 707 3108 οἷόσπερ
728 3038 766 3082 τε
788 3013 857 3106 (ties
883 3003 1064 3103 μακάρεσσι
1084 3015 1227 3081 θεοῖσιν.

307 3117 475 3188 Pertinent
491 3120 571 3189 haec
592 3121 634 3189 ad
655 3144 798 3211 pugnam
813 3119 963 3187 adversus
981 3118 1215 3185 Assacanorum
1242 3119 1292 3184 rel
1310 3118 1405 3188 Assa·

264 3233 422 3295 ctusorum
451 3240 596 3317 gentem,
625 3250 765 3318 quorum
795 3225 915 3315 oppido
942 3225 1090 3313 llasragis
1115 3224 1303 3315 (Mazagae
1325 3226 1405 3295 dicit

264 3317 395 3402 Curuus
412 3334 503 3405 v111.
524 3337 578 3404 10.
595 3335 657 3417 22,
675 3325 843 3403 Μάσσακα
859 3331 1017 3399 lliodorus
1035 3331 1195 3402 Summas.
1211 3331 1281 3402 Lib.
1299 3334 1404 3422 AVIA)

267 3429 460 3530 Phalangem
488 3441 658 3509 admovens
688 3440 868 3508 Alexander
892 3439 957 3505 talo
985 3437 1099 3505 leviter
1129 3440 1318 3522 vulneratus
1344 3452 1402 3509 est.

269 3535 318 3617 Gi.
341 3548 468 3616 Arrian.
488 3548 546 3619 IV.
566 3550 622 3618 26.
652 3551 684 3616 l.
716 3546 804 3613 Illud
827 3567 845 3611 e
873 3544 1048 3612 Plutarcho
1072 3545 1216 3611 norimus
1244 3545 1343 3614 Orat.
1365 3546 1405 3613 de

274 3649 367 3723 Aoo,
383 3656 427 3725 11.
445 3658 484 3738 93
509 3655 564 3722 sed
585 3656 626 3723 do
646 3655 709 3722 hoc
725 3655 861 3720 maxima
882 3664 930 3718 est
954 3653 1038 3717 inter
1057 3651 1207 3741 antiquos
1230 3651 1402 3735 dissensio,

273 3763 379 3850 ecquis
394 3760 566 3829 dicterium
582 3764 617 3828 in
631 3759 848 3836 Alexandrum
863 3759 1042 3825 sauciatum
1059 3758 1263 3827 converterit.
1287 3760 1330 3828 Ut
1345 3781 1405 3847 per

274 3867 486 3935 adulationem
523 3868 557 3938 h.
593 3868 616 3938 l.
648 3869 839 3956 Dioxippus,
878 3868 924 3932 ita
958 3887 1016 3953 por
1051 3865 1282 3932 contumeliam
1317 3864 1406 3953 apud

271 3975 422 4044 Senecam
456 3975 480 4044 l.
509 3974 604 4041 modo
628 3977 650 4044 l.
678 3973 886 4043 Callisthenes
915 3994 954 4038 eo
984 3991 1060 4037 usus
1079 3971 1202 4054 lertur,
1233 3992 1318 4060 quo,
1347 3971 1406 4060 qui

268 4084 352 4149 lleus
379 4080 480 4146 rideri
502 4082 619 4162 vellet,
647 4080 865 4147 Alexandrum
889 4078 1006 4145 acerbe
1035 4076 1165 4145 rideret.
1198 4075 1293 4160 Quod
1315 4075 1401 4143 haud

264 4192 310 4258 ita
333 4186 509 4254 absurdum
539 4187 713 4268 existimes,
739 4188 766 4252 si
792 4180 979 4276 παρρησίαν
1005 4182 1101 4268 hujus
1128 4181 1312 4270 philosophi
1332 4204 1404 4271 spo·

263 4307 353 4376 ctas3
372 4292 430 4360 sed
446 4294 585 4361 vicissim
601 4314 715 4382 parum
733 4290 908 4371 credibile,
928 4291 974 4371 si,
997 4301 1034 4356 ut
1049 4291 1177 4377 Fragm.
1188 4288 1400 4376 XXl'Ilpro·

258 4402 430 4480 barinus,
459 4399 686 4470 Callisthenem
707 4399 776 4484 jam
799 4399 835 4465 in
865 4398 996 4464 vincula
1024 4395 1206 4482 conjectum
1229 4395 1326 4462 luisse
1353 4416 1405 4462 re-

258 4519 377 4602 putas,
406 4528 473 4594 qno
500 4517 644 4596 tempore
666 4507 807 4594 llassaga
831 4501 1011 4572 Alexander
1036 4502 1167 4569 adortus
1195 4513 1255 4571 est.
1288 4502 1404 4570 Contra

256 4612 459 4686 Plutarchus
471 4624 540 4682 tum
555 4616 578 4686 1.
600 4616 623 4686 l.
635 4626 668 4681 et
684 4610 856 4702 Apoplrth.
872 4611 952 4681 Vlll
969 4633 1003 4699 p.
1024 4611 1092 4679 202
1112 4607 1178 4699 (od.
1199 4606 1323 4698 nuto),
1335 4618 1403 4678 tum
