3300 5600
623 582 681 644 131

232 751 298 868 Ιρρς
321 740 404 815 κακοὶ
429 740 471 814 τοὶ
491 747 547 837 λη
568 749 737 840 (κυβερνην
756 745 819 840 γὰρ
842 741 939 820 αὐτόν
958 742 1054 838 λόγος
1074 744 1131 840 την
1151 777 1220 842 τρι-

232 841 384 969 νεύματος
388 839 584 972 μεγάλορ’
565 842 764 934 εμπεσόντος
784 845 876 978 ρότρῖ
892 851 927 930 ἐς
942 849 998 945 τήν
1012 853 1147 922 καυσίαν
1164 856 1220 922 καί

232 978 295 1043 ημα
320 946 404 1043 αὐτῇ
432 950 658 1039 συνεχόμενον,
685 947 743 1045 τήν
762 953 821 1038 μέν
841 949 882 1046 δη
902 954 1090 1076 βαρυτέραν
1105 962 1220 1025 πεσεῖν

232 1058 309 1146 ῖωρ,
337 1048 376 1124 τό
397 1047 541 1176 διόδημα
561 1055 600 1124 δέ
620 1049 801 1143 όπενεχδὲν
820 1051 909 1148 πρός
928 1059 987 1149 τῆς
1007 1061 1121 1150 πνοῆς,
1144 1080 1218 1147 σχε

232 1150 424 1246 νκαλόμῳ·
450 1153 506 1227 τόν
535 1151 678 1244 κόλαμον
704 1159 770 1228 66
769 1160 834 1228 τοῖν
860 1154 1110 1284 ἐπιπεφυκότων
1138 1156 1218 1231 εἶναι

232 1260 326 1329 ι’νί
278 1286 342 1330 των
358 1258 460 1331 πάλαι
474 1260 644 1347 βασιλέων.
669 1253 774 1333 Τοῦτό
789 1286 827 1331 τε
841 1251 897 1332 οὖν
914 1257 1012 1344 αότός
1036 1268 1108 1358 (Kr.
1122 1261 1215 1358 αότό)

232 1355 447 1451 νμελλόντων
467 1365 621 1487 σημῆναι,
641 1359 745 1437 Ὗκαί
724 1391 776 1434 οτι
795 1367 859 1433 τῶν
878 1389 928 1444 τις
948 1373 1072 1439 ναυτοῖν
1092 1364 1218 1464 ἐπηξ’

232 1491 252 1547 ς
276 1462 399 1536 επί
359 1493 398 1536 το
425 1459 580 1558 διόδημα,
610 1459 745 1559 ρίφελοίν
769 1493 828 1538 του
811 1458 1056 1593 καλόμρο’
1013 1467 1108 1556 αυτό,
1133 1469 1218 1561 μετὰ

232 1570 284 1638 ιιέν
310 1562 369 1639 οόκ
398 1562 539 1661 η’νεγκεν,
570 1563 622 1641 ότι
649 1565 876 1692 νηχομένου’
853 1599 892 1640 αν
917 1567 1020 1644 αὐτοῦ
1047 1574 1215 1703 ἐβρέχετρ,

232 1674 308 1744 :66
316 1700 357 1765 τη
343 1673 566 1797 ’κεφαλη
523 1699 564 1765 τη
586 1667 701 1758 αὑτοῦ,
723 1668 810 1745 οὕτω
832 1666 983 1767 διηνεγκε.
1014 1678 1134 1747 Καίι
1102 1702 1135 1748 οι
1158 1679 1217 1766 μὲν

232 1778 291 1846 τῶν
315 1769 587 1900 όνργραψόντων
594 1770 638 1845 τό
664 1767 873 1880 Ἀλεξάνδρου
900 1775 1100 1869 λέγουσιν,
1087 1775 1139 1850 ότι
1158 1773 1216 1850 τό

233 1873 517 2006 ὲνέδωρὴσατο’
475 1905 563 1970 αυτῳ
550 1871 676 2001 ’Ἀλέξ
656 1882 806 1971 ,ανδρος,
821 1905 881 1972 της
891 1882 1129 1974 προθυμίας
1097 1907 1214 1954 εινεκα·

233 1987 258 2051 ῖυ
283 1978 370 2053 66⁰
349 2009 400 2052 οτι
426 1981 460 2052 ἐκ
460 1982 572 2052 έλευσε
595 1978 653 2074 την
676 1982 835 2110 κεφαλην,
861 1987 924 2053 τοῖν
949 1979 1094 2072 μάντεων
1112 1979 1214 2077 ταότη

233 2087 337 2171 ιε’νων,
363 2113 409 2177 μη
434 2090 593 2178 περιῖδεῖν
618 2078 706 2154 σοιάν
731 2085 850 2176 ἐκείνην
873 2112 930 2178 την
955 2083 1166 2180 κεφαλην,“’
1145 2113 1215 2180 ητις

233 2217 288 2280 ημα
315 2180 461 2282 ἐφόρησε
485 2182 525 2260 τό
551 2189 728 2275 βασίλειον.
761 2180 1073 2280 Ἀριστόβουλος
1100 2191 1137 2259 δὲ
1157 2186 1214 2260 τό-

233 2293 284 2362 υὲν
311 2287 363 2362 ότι
391 2288 490 2378 ἔλαβε
515 2291 601 2382 λέγει
627 2285 733 2376 αὐτόν,
761 2285 845 2380 6666
870 2287 997 2383 πληγεὶς
1022 2293 1133 2378 λαβεῖν
1157 2297 1214 2384 τῆς

233 2420 288 2476 εως
314 2397 405 2466 ἕνεκα
424 2397 484 2464 τοῦ
505 2387 712 2488 διαδήματος.
743 2386 1082 2487 Ἀριστόβουλος
1098 2396 1157 2482 μὲν
1172 2391 1214 2488 δη

253 2499 410 2570 Φοινίκων
428 2501 493 2567 τῶν
500 2500 624 2567 ναυτῶν
635 2499 736 2588 λέγει,
759 2493 809 2567 ότι
828 2497 866 2568 τό
876 2491 1019 2591 διόδημα
1032 2502 1081 2587 τῷ
1098 2494 1212 2584 Ἀλεξ-

233 2596 374 2691 ιόμισεν·
396 2601 464 2673 εἰσί
484 2601 522 2673 66
543 2596 578 2672 οἳ
598 2601 753 2672 Σέλευκον
773 2601 909 2691 λέγουσι

233 2930 237 2960 ν
263 2902 340 2971 XVI
364 2921 398 2987 p.
428 2901 514 2968 1076
537 2898 572 2968 C.
602 2899 640 2967 1).
683 2897 795 2967 Ταῦτα
823 2894 865 2989 δη
894 2898 1008 2990 (φησὶν
1035 2889 1210 2988 Ἀριστό·

233 3030 236 3065 ι
250 2994 544 3094 πραγματεύεσθαι
561 3000 641 3090 περί
657 2993 717 3078 τός
732 2992 897 3092 δαόρυχας
912 2996 969 3069 τόν
985 2993 1208 3092 Ἀλέξανδρον,

256 3100 386 3198 τάφους
411 3108 651 3195 σκευωρεῖσθαι
672 3098 751 3181 τούς
773 3106 839 3171 τοῖν
858 3102 1021 3188 βασιλέων
1040 3102 1095 3170 καί
1115 3104 1211 3171 δυνα-

233 3204 280 3287 ιός
300 3204 362 3300 γοὶρ
384 3207 563 3284 πλείστους
583 3205 617 3274 έν
635 3211 709 3284 ταῖς
730 3206 857 3293 λίμναις
878 3199 967 3274 εἶναι.

233 3318 348 3405 νδὶρίο,
366 3314 454 3403 quod
469 3314 670 3395 Alexandro,
688 3335 790 3402 quum
800 3315 963 3379 triremem
974 3312 1042 3399 ipse
1050 3312 1210 3399 guberna·

234 3446 329 3511 τερον.
350 3423 423 3487 LIII
442 3419 526 3509 init.)
542 3469 551 3502 ‚
572 3421 716 3487 oblatum
730 3420 764 3485 in
774 3420 939 3506 Euphrate
956 3419 1079 3499 fertur,
1100 3429 1208 3483 narrat

234 3529 280 3598 νδ.
299 3530 364 3598 sic.
380 3529 485 3597 xvll.
505 3530 586 3609 116,
601 3525 829 3612 redditumque
841 3525 924 3613 Regi
938 3522 1084 3591 diadema
1093 3523 1134 3589 ab
1144 3544 1207 3589 uno

253 3647 405 3717 testatus,
423 3636 583 3702 consentit
600 3655 674 3703 cum
695 3632 891 3699 Aristobulo.

608 3808 674 3878 LV.

234 3969 337 4039 vn.
359 3970 415 4036 24
440 3971 535 4037 1-3.
577 3965 644 4035 Καί
668 3988 702 4032 τι
725 3963 781 4031 καί
805 3954 933 4032 τοιόνδε
954 3956 1023 4051 πρό
1042 3960 1108 4028 τῶν
1127 3961 1206 4046 μελε

234 4073 411 4163 νημηναιλ
412 4070 478 4159 έγει
504 4059 848 4162 Αριστόβουλος.
889 4064 1123 4149 Καταλοχίζειν
1147 4062 1206 4148 μὲν

234 4202 245 4239 ι
266 4197 420 4267 στρατιαν
439 4168 497 4265 την
516 4169 573 4257 ξόν
592 4171 764 4258 Πευκέστᾳ
784 4195 822 4240 τε
839 4168 873 4238 ἐκ
890 4169 1045 4259 Περσῶν,
1067 4167 1121 4235 καὶ
1136 4160 1204 4235 όπό

234 4274 324 4362 ,ξόν
347 4278 510 4399 Φιλοξένην
531 4302 586 4345 και
606 4269 824 4371 Μενάνδρῳ
810 4269 965 4364 η’κουσαν,
992 4271 1026 4348 ές
1046 4264 1106 4349 τός
1126 4278 1204 4341 Μα-

259 4375 392 4464 τόξεις
421 4372 606 4472 διψήσαντα
629 4379 683 4463 66,
710 4372 925 4467 ἀποχωρῆσαι
951 4374 986 4443 ἐκ
1009 4397 1068 4465 της
1089 4374 1202 4459 ἕδρας,

234 4510 287 4552 ιτα
308 4481 446 4604 ἔρημον
446 4480 502 4551 τόν
522 4474 645 4573 θρόνον
662 4477 719 4551 τόν
732 4482 909 4565 βασίλειον.
936 4471 1027 4548 Εἶναι
1042 4477 1079 4545 66
1095 4476 1203 4552 κλίνας

235 4614 273 4655 εν
296 4590 355 4655 τοῦ
380 4578 504 4678 θρόνου
531 4577 777 4675 αργνροποδας
806 4574 927 4674 ἐφ’ὦν
949 4572 1086 4670 οἰοίμην
1107 4571 1203 4649 αὐτόν

1055 4704 1087 4754 9*
