3300 5600
772 591 814 656 at

227 772 393 858 excerplt;
423 780 460 835 ut
487 766 571 832 lnira
593 765 718 850 saepius
740 764 914 831 notabitur.
947 767 1150 833 Levissimum
1174 768 1258 833 luter
1286 769 1361 834 Ari-

227 878 353 947 stobuli
380 885 413 940 et
432 871 606 938 Ptolemaei
626 870 828 936 recensiones
852 869 1023 936 discrimen
1044 871 1275 962 de'otriusque
1297 874 1359 938 fide

227 997 321 1051 tanto
336 975 611 1055 minut‘detrahit,
630 986 750 1064 quante
769 976 870 1062 magis
890 977 923 1039 in
942 978 1042 1063 copiis
1060 979 1230 1045 Alexandri
1249 1000 1362 1044 recen-

226 1088 338 1156 sendis
363 1085 464 1152 ceteri
485 1084 655 1169 scriptores
678 1082 761 1146 inter
786 1103 820 1146 se
839 1082 1030 1168 discrepant.
1063 1082 1219 1150 Diodorus
1244 1084 1359 1173 (xvtt.

230 1193 317 1284 ta),
335 1193 395 1281 qui
418 1191 598 1257 accuratius
620 1186 795 1255 Alexandri
812 1190 988 1253 exercitum
1013 1191 1280 1277 circumscripsit,
1301 1214 1360 1257 nu-

228 1311 335 1368 metat
356 1287 480 1375 πεζούς
499 1290 726 1381 τρισμυρίους,
749 1289 865 1367 ἱππεῖς
883 1291 1158 1381 τετρακισχιλίους
1175 1293 1229 1359 καί
1246 1317 1363 1360 πειτα,

229 1405 379 1489 κοσίους,
398 1405 544 1492 adeoque
558 1406 591 1469 in
603 1402 748 1490 peditum
760 1425 895 1468 numero
912 1405 1067 1469 consentit
1086 1425 1162 1469 cum
1177 1405 1362 1471 Aristobulo

231 1524 263 1580 et
277 1513 482 1592 Ptolemaeo,
499 1512 534 1575 in
557 1510 719 1598 equitibus
738 1531 813 1574 rere
826 1509 964 1575 mediam
982 1521 1069 1576 tenet
1088 1511 1171 1575 inter
1187 1523 1362 1600 utrumque

234 1620 324 1689 dm.
361 1619 434 1685 Duo
468 1616 614 1704 peditum
653 1615 754 1681 millia
779 1613 829 1680 his
860 1615 949 1680 addit
972 1614 1115 1683 lustinus
1141 1616 1202 1704 nt.
1224 1618 1256 1684 6.
1304 1619 1363 1682 «In

239 1724 379 1792 exercitu
405 1724 474 1809 ejus
499 1723 591 1788 luere
616 1720 774 1811 peditum
792 1724 949 1811 triginta
970 1721 1035 1790 dno
1054 1722 1191 1803 millio,
1210 1725 1364 1810 equitum

232 1844 383 1923 quatuor·
412 1829 534 1895 millia
563 1830 786 1916 quingenti.»
829 1828 1021 1895 Plutarchus
1058 1828 1096 1896 V
1093 1833 1133 1895 it.
1158 1829 1258 1896 Αίιυ.
1280 1830 1361 1898 XV:

234 1935 301 2027 Ίῆς
321 1933 495 2024 στρατιᾶς,
517 1934 641 2021 inquit,
664 1922 703 1997 τύ
730 1930 862 2022 πλῆθος
889 1930 922 1999 οἱ
946 1930 1005 2015 μὲν
1029 1922 1195 2017 ἐλάχιστον
1221 1930 1365 2020 λέγοντες

229 2035 501 2131 τρισμυρίουςΙ
522 2029 669 2117 πεζούς
694 2032 750 2101 καί
776 2033 1122 2119 πεντακισχιλίους
1153 2033 1295 2111 ἱππεῖς
1324 2073 1364 2086 -
1470 2111 1472 2116 ,

231 2135 487 2236 ἀναγράφουσιν.
518 2132 612 2214 haud
638 2145 712 2211 sads
738 2157 826 2211 recte
852 2167 861 2211 ι
893 2146 1015 2233 quippe
1040 2156 1088 2210 est
1114 2144 1194 2211 haec
1223 2145 1366 2212 recensio

231 2251 426 2333 Ptolemaei,
441 2274 508 2340 quo
526 2253 615 2319 mille
634 2252 757 2341 equites
775 2253 880 2316 miuus
899 2252 1076 2317 numeravit
1089 2251 1310 2333 Aristobulus,
1329 2263 1366 2317 ut

231 2360 362 2447 Fragm.
381 2357 469 2426 laod.
491 2359 559 2446 ipse
580 2357 728 2425 ostendit.
751 2357 794 2425 At
810 2358 913 2422 multo
935 2357 1036 2443 major
1052 2357 1195 2443 ejusdem
1212 2380 1301 2423 error
1319 2368 1366 2422 est

231 2471 277 2537 sic
297 2469 332 2538 d.
349 2469 373 2537 l.
393 2471 556 2557 pergentis
576 2492 585 2533 ι
609 2463 651 2535 Oi
675 2463 713 2532 δὲ
733 2464 900 2546 πλεῖστον,
922 2459 1070 2547 πεζούς
1088 2464 1148 2550 μὲν
1166 2486 1367 2556 τετρακισ.

231 2571 391 2660 χιλίους
411 2571 466 2637 καί
486 2572 766 2665 τρισμυρίους,
789 2572 937 2652 ἱππέας
963 2574 1000 2641 δὲ
1026 2574 1367 2665 τετρακισχιλίους

231 2672 487 2773 ύναχρᾶφουσιν.
517 2685 720 2767 Quibuscum
737 2698 859 2772 pugnat
878 2686 1016 2772 primum
1035 2688 1250 2752 testimonium
1268 2689 1366 2753 Fron·
1401 2726 1409 2739 ·

232 2789 293 2856 tini
308 2785 461 2881 Strong.
472 2791 530 2862 lv.
543 2793 577 2859 2.
596 2796 634 2874 4,
655 2805 691 2858 ut
709 2791 787 2858 huic
798 2815 929 2880 quoque
942 2793 1048 2860 locum
1065 2793 1233 2873 cedamus,
1253 2795 1307 2881 qui
1326 2793 1365 2860 ad

232 2896 474 2987 qnadraginta
486 2899 609 2964 millio
621 2900 797 2966 hominnm
809 2922 980 2966 numerum
998 2912 1109 2988 auget3
1129 2912 1250 2987 pugnat
1269 2922 1365 2985 porro

230 3003 442 3072 Callisthenes
460 3027 512 3091 ap.
540 3006 653 3094 Polyb.
680 3008 755 3074 XII.
782 3008 851 3073 19:
877 3003 964 3092 Φησὶ
976 2998 1037 3094 γαρ
1052 2996 1149 3071 odada
1160 2994 1367 3092 ποιήσασθαι

231 3105 291 3203 τήν
317 3103 370 3189 εἰς
392 3106 450 3202 τήν
479 3106 589 3182 Ἀσίαν
618 3105 767 3199 διάβασιν
794 3113 925 3195 πεζῶν
949 3111 1007 3196 μὲν
1040 3107 1152 3196 ἔχοντα
1177 3110 1367 3201 τέτταρας

232 3209 445 3308 μυριάδας,
467 3217 607 3297 ἱππεῖς
635 3219 672 3288 δὲ
696 3220 1040 3313 τετρακισχιλίους
1059 3220 1113 3288 καί
1133 3220 1366 3288 πεντακοσί-

233 3346 315 3401 ους.
345 3326 432 3408 Quas
451 3325 583 3413 quidem
602 3328 708 3413 copias
728 3328 773 3395 ita
792 3341 902 3394 auctas
918 3329 1015 3394 fuisse
1032 3338 1185 3405 testatur,
1208 3338 1244 3390 ut
1263 3327 1296 3390 in
1314 3327 1367 3394 Ci-

232 3432 344 3498 liciam
371 3432 534 3497 invadenti
566 3445 669 3498 essent
697 3430 795 3511 πεζοί
824 3430 884 3518 μὲν
909 3420 1172 3520 τετρακισμύριοι
1198 3428 1364 3513 δισχίλιοι,

231 3534 352 3612 ίντπεῖς
372 3533 409 3601 δὲ
427 3535 688 3619 πεντακισχίλιοι.
715 3537 846 3604 Relellit
881 3536 1009 3604 tandem
1040 3534 1249 3601 Plutarchum
1275 3537 1366 3600 Lam·

233 3662 392 3731 macanos
402 3640 629 3722 Anaximenes,
647 3643 740 3728 cujus
753 3645 971 3710 recensionem
986 3643 1091 3709 statim
1109 3642 1365 3727 postAristobuli

234 3738 280 3815 et⁴
295 3748 470 3813 Ptolemaei
499 3749 676 3815 testimonia
698 3752 788 3837 ponit
812 3751 881 3836 ipse
909 3751 1005 3816 Orat.
1029 3749 1068 3814 de
1088 3747 1184 3814 Alea.
1204 3750 1230 3816 l.
1249 3752 1270 3814 3
1288 3769 1296 3813 :
1316 3737 1366 3820 Ὡς

228 3849 485 3945 δ’Ἀυαξαιίκρς,
508 3861 569 3939 ait,
593 3851 916 3948 τετρακισμύριοι
934 3857 1053 3940 πεζοί
1068 3856 1364 3947 καίιτρισχίλιοι,

234 3964 559 4050 πεντακισχίλιοι
579 3966 617 4034 δὲ
636 3967 701 4034 καί
720 3960 979 4036 πεντακόσιοι
1000 3968 1161 4041 ἱππεῖς·
1184 3990 1281 4055 quern
1308 3990 1365 4053 pe·

233 4076 341 4152 ditum
359 4100 546 4158 numerum,
576 4080 683 4144 nescio
706 4079 780 4161 ubi,
807 4081 985 4167 llroyseuus
1014 4078 1059 4168 (p.
1075 4076 1145 4165 94.)
1171 4075 1364 4161 transpositis

234 4186 456 4252 numeralibus
473 4186 588 4272 legisse
597 4185 738 4266 ridetur,
763 4174 971 4274 τρισμύριοι
989 4182 1044 4249 καί
1060 4178 1364 4269 τετρακισχίλιοι.

234 4290 301 4358 Sed
319 4292 371 4355 rel
385 4291 447 4357 hac
465 4294 641 4358 mutatione
660 4291 761 4358 nihilo
780 4293 881 4378 magis
903 4311 1012 4356 secum
1032 4291 1099 4376 ipse
1117 4286 1273 4353 constabit
1288 4284 1363 4349 Plu·

236 4396 388 4476 tarchus,
407 4401 461 4465 cui
477 4399 601 4485 saepius
621 4396 769 4463 accidere
787 4399 885 4477 solet,
907 4408 944 4461 ut
959 4396 1000 4461 de
1016 4394 1195 4461 Alexandro
1206 4392 1269 4457 alia
1281 4390 1363 4456 rele-

236 4513 290 4569 rat
306 4505 342 4569 in
358 4501 501 4588 ejusdem
518 4501 625 4585 Vtra,
646 4505 707 4569 alia
730 4506 763 4569 in
784 4502 1010 4571 Orationibus
1028 4502 1163 4580 scribat,
1185 4499 1218 4562 in
1234 4496 1363 4563 laudern

236 4609 337 4699 Regis
355 4611 547 4697 compositis.
571 4612 691 4681 Verum
709 4605 783 4677 satis
801 4629 964 4698 superque
984 4608 1106 4676 dietum
1124 4607 1167 4672 ds
1184 4604 1245 4671 hac
1265 4604 1364 4670 histo-
