<?xml version="1.0" encoding="UTF-8"?>
<!DOCTYPE html PUBLIC "-//W3C//DTD XHTML 1.0 Transitional//EN"
    "http://www.w3.org/TR/xhtml1/DTD/xhtml1-transitional.dtd">
<html xmlns="http://www.w3.org/1999/xhtml" xml:lang="en" lang="en">
 <head>
  <title>
</title>
<meta http-equiv="Content-Type" content="text/html;charset=utf-8" />
  <meta name='ocr-system' content='tesseract 3.04.00' />
  <meta name='ocr-capabilities' content='ocr_page ocr_carea ocr_par ocr_line ocrx_word'/>
</head>
<body>
  <div class='ocr_page' id='page_1' title='image "./ptolemaeieordae00ptolgoog/ptolemaeieordae00ptolgoog_0063.png"; bbox 0 0 3300 5600; ppageno 0'>
   <div class='ocr_carea' id='block_1_1' title="bbox 782 587 824 649">
    <p class='ocr_par' dir='ltr' id='par_1_1' title="bbox 782 587 824 649">
     <span class='ocr_line' id='line_1_1' title="bbox 782 587 824 649; baseline -0.048 0"><span class='ocrx_word' id='word_1_1' title='bbox 782 587 824 649; x_wconf 78' lang='lat'><em>39</em></span> 
     </span>
    </p>
   </div>
   <div class='ocr_carea' id='block_1_2' title="bbox 178 741 1386 2514">
    <p class='ocr_par' dir='ltr' id='par_1_2' title="bbox 178 741 1367 1463">
     <span class='ocr_line' id='line_1_2' title="bbox 187 741 1367 875; baseline 0.009 -60"><span class='ocrx_word' id='word_1_2' title='bbox 187 830 193 839; x_wconf 37' lang='grc'><strong>,</strong></span> <span class='ocrx_word' id='word_1_3' title='bbox 253 741 444 818; x_wconf 71' lang='grc' dir='ltr'><strong><em>Μακεδόνων.</em></strong></span> <span class='ocrx_word' id='word_1_4' title='bbox 464 751 530 819; x_wconf 90' lang='grc' dir='ltr'><em>Καὶ</em></span> <span class='ocrx_word' id='word_1_5' title='bbox 549 774 582 820; x_wconf 91' lang='grc' dir='ltr'><em>οι</em></span> <span class='ocrx_word' id='word_1_6' title='bbox 572 743 690 843; x_wconf 66' lang='grc' dir='ltr'><em>ζοἱμφὶ</em></span> <span class='ocrx_word' id='word_1_7' title='bbox 710 745 901 841; x_wconf 75' lang='grc' dir='ltr'><em>Λεοννάτον</em></span> <span class='ocrx_word' id='word_1_8' title='bbox 911 748 954 842; x_wconf 78' lang='grc' dir='ltr'><em>τῇ</em></span> <span class='ocrx_word' id='word_1_9' title='bbox 972 752 1063 875; x_wconf 81' lang='grc' dir='ltr'><em>τρὶτῃ</em></span> <span class='ocrx_word' id='word_1_10' title='bbox 1083 754 1242 844; x_wconf 73' lang='grc' dir='ltr'><em>μοίρᾳ</em></span> <span class='ocrx_word' id='word_1_11' title='bbox 1201 776 1367 848; x_wconf 87' lang='grc' dir='ltr'><em>τηςστρα-</em></span> 
     </span>
     <span class='ocr_line' id='line_1_3' title="bbox 178 844 1365 950; baseline 0.003 -28"><span class='ocrx_word' id='word_1_12' title='bbox 178 844 192 922; x_wconf 62' lang='lat'><em>‘2⁸</em></span> <span class='ocrx_word' id='word_1_13' title='bbox 251 853 306 932; x_wconf 76' lang='grc' dir='ltr'><em>ταῖς</em></span> <span class='ocrx_word' id='word_1_14' title='bbox 323 845 522 931; x_wconf 72' lang='grc' dir='ltr'><em>ιῖσαότοις.</em></span> <span class='ocrx_word' id='word_1_15' title='bbox 496 850 657 942; x_wconf 80' lang='grc' dir='ltr'><em>ἔπραξαν·</em></span> <span class='ocrx_word' id='word_1_16' title='bbox 684 850 851 922; x_wconf 73' lang='grc' dir='ltr'><em>έκλιων</em></span> <span class='ocrx_word' id='word_1_17' title='bbox 812 880 873 945; x_wconf 88' lang='grc' dir='ltr'><em>γαρ</em></span> <span class='ocrx_word' id='word_1_18' title='bbox 893 857 947 922; x_wconf 88' lang='grc' dir='ltr'><em>καὶ</em></span> <span class='ocrx_word' id='word_1_19' title='bbox 967 849 1058 927; x_wconf 76' lang='grc' dir='ltr'><em>οὗτοι</em></span> <span class='ocrx_word' id='word_1_20' title='bbox 1076 856 1151 936; x_wconf 86' lang='grc' dir='ltr'><em>τοός</em></span> <span class='ocrx_word' id='word_1_21' title='bbox 1168 855 1249 926; x_wconf 83' lang='grc' dir='ltr'><em>κατά</em></span> <span class='ocrx_word' id='word_1_22' title='bbox 1269 861 1365 950; x_wconf 80' lang='grc' dir='ltr'><em>σφᾶς.</em></span> 
     </span>
     <span class='ocr_line' id='line_1_4' title="bbox 178 948 1367 1086; baseline 0.007 -65"><span class='ocrx_word' id='word_1_23' title='bbox 178 1027 187 1049; x_wconf 26' lang='grc' dir='ltr'>ᾗ</span> <span class='ocrx_word' id='word_1_24' title='bbox 250 956 301 1022; x_wconf 79' lang='grc' dir='ltr'><em>Καὶ</em></span> <span class='ocrx_word' id='word_1_25' title='bbox 321 948 407 1086; x_wconf 82' lang='grc' dir='ltr'><em>λέγει</em></span> <span class='ocrx_word' id='word_1_26' title='bbox 424 958 700 1041; x_wconf 87' lang='grc' dir='ltr'><em>Πτολεμαῖος,</em></span> <span class='ocrx_word' id='word_1_27' title='bbox 723 951 918 1047; x_wconf 77' lang='grc' dir='ltr'><em>ἀνθρώπους</em></span> <span class='ocrx_word' id='word_1_28' title='bbox 930 959 988 1042; x_wconf 83' lang='grc' dir='ltr'><em>μέν</em></span> <span class='ocrx_word' id='word_1_29' title='bbox 1007 961 1175 1083; x_wconf 83' lang='grc' dir='ltr'><em>ληφθῆναι</em></span> <span class='ocrx_word' id='word_1_30' title='bbox 1192 960 1266 1040; x_wconf 80' lang='grc' dir='ltr'><em>τούς</em></span> <span class='ocrx_word' id='word_1_31' title='bbox 1284 954 1367 1029; x_wconf 86' lang='grc' dir='ltr'><em>πάι·</em></span> 
     </span>
     <span class='ocr_line' id='line_1_5' title="bbox 179 1053 1367 1186; baseline 0.01 -64"><span class='ocrx_word' id='word_1_32' title='bbox 179 1058 183 1066; x_wconf 82' lang='grc'><em>“</em></span> <span class='ocrx_word' id='word_1_33' title='bbox 247 1081 338 1136; x_wconf 87' lang='grc' dir='ltr'><em>τας</em></span> <span class='ocrx_word' id='word_1_34' title='bbox 310 1053 396 1151; x_wconf 80' lang='grc' dir='ltr'><em>όπὲρ</em></span> <span class='ocrx_word' id='word_1_35' title='bbox 416 1061 718 1186; x_wconf 79' lang='grc' dir='ltr'><em>τετρακισμυρίους,</em></span> <span class='ocrx_word' id='word_1_36' title='bbox 745 1063 834 1145; x_wconf 75' lang='grc' dir='ltr'><em>βοοῖν</em></span> <span class='ocrx_word' id='word_1_37' title='bbox 854 1055 940 1129; x_wconf 71' lang='grc' dir='ltr'><em>δὲ.</em></span> <span class='ocrx_word' id='word_1_38' title='bbox 910 1062 994 1151; x_wconf 84' lang='grc' dir='ltr'><em>υπέρ</em></span> <span class='ocrx_word' id='word_1_39' title='bbox 1014 1060 1069 1141; x_wconf 85' lang='grc' dir='ltr'><em>τοὶς</em></span> <span class='ocrx_word' id='word_1_40' title='bbox 1089 1070 1176 1154; x_wconf 88' lang='grc' dir='ltr'><em>τρεῖς</em></span> <span class='ocrx_word' id='word_1_41' title='bbox 1194 1065 1248 1130; x_wconf 88' lang='grc' dir='ltr'><em>καὶ</em></span> <span class='ocrx_word' id='word_1_42' title='bbox 1267 1064 1367 1133; x_wconf 78' lang='grc' dir='ltr'><em>εἰκοσι</em></span> 
     </span>
     <span class='ocr_line' id='line_1_6' title="bbox 179 1155 1366 1282; baseline 0.007 -54.448"><span class='ocrx_word' id='word_1_43' title='bbox 179 1155 407 1282; x_wconf 80' lang='grc' dir='ltr'><em>μυριάδας·</em></span> <span class='ocrx_word' id='word_1_44' title='bbox 428 1163 483 1229; x_wconf 86' lang='grc' dir='ltr'><em>καὶ</em></span> <span class='ocrx_word' id='word_1_45' title='bbox 502 1155 625 1230; x_wconf 75' lang='grc' dir='ltr'><em>τούτων</em></span> <span class='ocrx_word' id='word_1_46' title='bbox 643 1160 699 1240; x_wconf 87' lang='grc' dir='ltr'><em>τοὶς</em></span> <span class='ocrx_word' id='word_1_47' title='bbox 717 1165 888 1242; x_wconf 84' lang='grc' dir='ltr'><em>καλλίστας</em></span> <span class='ocrx_word' id='word_1_48' title='bbox 905 1157 1132 1252; x_wconf 72' lang='grc' dir='ltr'><em>ἐπιλεξάμενον</em></span> <span class='ocrx_word' id='word_1_49' title='bbox 1140 1159 1366 1258; x_wconf 80' lang='grc' dir='ltr'><em>Αλέξανδρον,</em></span> 
     </span>
     <span class='ocr_line' id='line_1_7' title="bbox 239 1257 1366 1390; baseline 0.005 -59"><span class='ocrx_word' id='word_1_50' title='bbox 239 1257 284 1331; x_wconf 84' lang='grc' dir='ltr'><em>ότι</em></span> <span class='ocrx_word' id='word_1_51' title='bbox 303 1257 524 1390; x_wconf 86' lang='grc' dir='ltr'><em>διαφέρουσαι</em></span> <span class='ocrx_word' id='word_1_52' title='bbox 544 1259 632 1350; x_wconf 73' lang='lat' dir='ltr'><em>adep</em></span> <span class='ocrx_word' id='word_1_53' title='bbox 620 1258 760 1332; x_wconf 86' lang='grc' dir='ltr'><em>κάλλει</em></span> <span class='ocrx_word' id='word_1_54' title='bbox 781 1290 817 1332; x_wconf 88' lang='grc' dir='ltr'><em>τε</em></span> <span class='ocrx_word' id='word_1_55' title='bbox 836 1266 891 1337; x_wconf 90' lang='grc' dir='ltr'><em>καὶ</em></span> <span class='ocrx_word' id='word_1_56' title='bbox 910 1260 1090 1355; x_wconf 85' lang='grc' dir='ltr'><em>μεγέθει</em></span> <span class='ocrx_word' id='word_1_57' title='bbox 1073 1271 1261 1359; x_wconf 81' lang='grc' dir='ltr'><em>εφαὶιοντο,</em></span> <span class='ocrx_word' id='word_1_58' title='bbox 1283 1262 1366 1357; x_wconf 84' lang='grc' dir='ltr'><em>πέμ</em></span> 
     </span>
     <span class='ocr_line' id='line_1_8' title="bbox 236 1360 1148 1463; baseline 0.004 -30"><span class='ocrx_word' id='word_1_59' title='bbox 236 1380 298 1456; x_wconf 76' lang='grc' dir='ltr'><em>ψαι</em></span> <span class='ocrx_word' id='word_1_60' title='bbox 317 1360 483 1436; x_wconf 81' lang='grc' dir='ltr'><em>ἐθέλειν’</em></span> <span class='ocrx_word' id='word_1_61' title='bbox 465 1395 496 1446; x_wconf 88' lang='grc' dir='ltr'><em>ες</em></span> <span class='ocrx_word' id='word_1_62' title='bbox 516 1368 720 1436; x_wconf 81' lang='grc' dir='ltr'><em>Μοαεδονὶαν</em></span> <span class='ocrx_word' id='word_1_63' title='bbox 740 1361 993 1459; x_wconf 80' lang='grc' dir='ltr'><em>εργάζεσθαι</em></span> <span class='ocrx_word' id='word_1_64' title='bbox 956 1398 1010 1463; x_wconf 91' lang='grc' dir='ltr'><em>την</em></span> <span class='ocrx_word' id='word_1_65' title='bbox 1028 1364 1148 1462; x_wconf 83' lang='grc' dir='ltr'><em>χώραν.</em></span> 
     </span>
    </p>

    <p class='ocr_par' dir='ltr' id='par_1_3' title="bbox 225 1474 1386 2514">
     <span class='ocr_line' id='line_1_9' title="bbox 273 1474 1366 1564; baseline 0.006 -26"><span class='ocrx_word' id='word_1_66' title='bbox 273 1474 406 1561; x_wconf 85' lang='lat' dir='ltr'><strong>Spectat</strong></span> <span class='ocrx_word' id='word_1_67' title='bbox 428 1477 566 1540; x_wconf 80' lang='lat' dir='ltr'><strong>narratio</strong></span> <span class='ocrx_word' id='word_1_68' title='bbox 588 1475 626 1540; x_wconf 86' lang='lat' dir='ltr'><em>ad</em></span> <span class='ocrx_word' id='word_1_69' title='bbox 658 1476 890 1562; x_wconf 77' lang='lat' dir='ltr'><strong>expeditionem</strong></span> <span class='ocrx_word' id='word_1_70' title='bbox 917 1478 1065 1543; x_wconf 82' lang='lat' dir='ltr'><strong>adversus</strong></span> <span class='ocrx_word' id='word_1_71' title='bbox 1090 1479 1237 1564; x_wconf 83' lang='lat' dir='ltr'><em>Aspasios</em></span> <span class='ocrx_word' id='word_1_72' title='bbox 1258 1502 1366 1547; x_wconf 86' lang='lat' dir='ltr'><strong>susee-</strong></span> 
     </span>
     <span class='ocr_line' id='line_1_10' title="bbox 233 1581 1364 1669; baseline 0.009 -25"><span class='ocrx_word' id='word_1_73' title='bbox 233 1590 335 1666; x_wconf 84' lang='lat' dir='ltr'><strong>ptam,</strong></span> <span class='ocrx_word' id='word_1_74' title='bbox 367 1603 448 1667; x_wconf 91' lang='lat' dir='ltr'><strong>quos</strong></span> <span class='ocrx_word' id='word_1_75' title='bbox 473 1582 506 1644; x_wconf 93' lang='lat' dir='ltr'><em>in</em></span> <span class='ocrx_word' id='word_1_76' title='bbox 532 1581 656 1647; x_wconf 85' lang='lat' dir='ltr'>Indiam</span> <span class='ocrx_word' id='word_1_77' title='bbox 676 1605 861 1669; x_wconf 85' lang='lat' dir='ltr'><strong>progressus</strong></span> <span class='ocrx_word' id='word_1_78' title='bbox 885 1585 1077 1665; x_wconf 71' lang='lat' dir='ltr'><strong>Alexander,</strong></span> <span class='ocrx_word' id='word_1_79' title='bbox 1105 1597 1215 1650; x_wconf 84' lang='lat' dir='ltr'><strong>exacto</strong></span> <span class='ocrx_word' id='word_1_80' title='bbox 1243 1606 1364 1654; x_wconf 75' lang='lat' dir='ltr'><strong>veron.</strong></span> 
     </span>
     <span class='ocr_line' id='line_1_11' title="bbox 236 1685 1386 1779; baseline 0.006 -28"><span class='ocrx_word' id='word_1_81' title='bbox 236 1689 312 1767; x_wconf 75' lang='lat'><strong>327,</strong></span> <span class='ocrx_word' id='word_1_82' title='bbox 338 1685 470 1751; x_wconf 76' lang='lat' dir='ltr'><strong>adortus</strong></span> <span class='ocrx_word' id='word_1_83' title='bbox 495 1698 553 1754; x_wconf 92' lang='lat' dir='ltr'><strong>est.</strong></span> <span class='ocrx_word' id='word_1_84' title='bbox 585 1688 632 1754; x_wconf 83' lang='lat' dir='ltr'><em>Cf.</em></span> <span class='ocrx_word' id='word_1_85' title='bbox 660 1688 801 1775; x_wconf 83' lang='lat' dir='ltr'><strong>Droysen</strong></span> <span class='ocrx_word' id='word_1_86' title='bbox 825 1712 856 1775; x_wconf 89' lang='lat' dir='ltr'><em>p.</em></span> <span class='ocrx_word' id='word_1_87' title='bbox 880 1694 943 1759; x_wconf 88' lang='grc'><em>367</em></span> <span class='ocrx_word' id='word_1_88' title='bbox 966 1713 1037 1779; x_wconf 89' lang='lat' dir='ltr'><strong>sqq.</strong></span> <span class='ocrx_word' id='word_1_89' title='bbox 1073 1693 1114 1757; x_wconf 90' lang='lat' dir='ltr'><em>Ut</em></span> <span class='ocrx_word' id='word_1_90' title='bbox 1140 1702 1245 1755; x_wconf 84' lang='lat' dir='ltr'><strong>antem</strong></span> <span class='ocrx_word' id='word_1_91' title='bbox 1270 1715 1386 1779; x_wconf 74' lang='lat' dir='ltr'><strong>supro</strong></span> 
     </span>
     <span class='ocr_line' id='line_1_12' title="bbox 229 1792 1366 1879; baseline 0.003 -21"><span class='ocrx_word' id='word_1_92' title='bbox 229 1792 291 1876; x_wconf 79' lang='lat' dir='ltr'><em>jam</em></span> <span class='ocrx_word' id='word_1_93' title='bbox 325 1816 360 1879; x_wconf 92' lang='lat' dir='ltr'><em>p.</em></span> <span class='ocrx_word' id='word_1_94' title='bbox 396 1795 436 1857; x_wconf 82' lang='lat'><em>18</em></span> <span class='ocrx_word' id='word_1_95' title='bbox 469 1815 520 1856; x_wconf 90' lang='lat' dir='ltr'><strong>me</strong></span> <span class='ocrx_word' id='word_1_96' title='bbox 547 1815 676 1857; x_wconf 87' lang='lat' dir='ltr'><strong>monere</strong></span> <span class='ocrx_word' id='word_1_97' title='bbox 706 1795 854 1874; x_wconf 90' lang='lat' dir='ltr'><strong>memini,</strong></span> <span class='ocrx_word' id='word_1_98' title='bbox 883 1799 996 1862; x_wconf 81' lang='lat' dir='ltr'><strong>rationi</strong></span> <span class='ocrx_word' id='word_1_99' title='bbox 1019 1798 1190 1863; x_wconf 78' lang='lat' dir='ltr'>admodum</span> <span class='ocrx_word' id='word_1_100' title='bbox 1217 1810 1263 1862; x_wconf 81' lang='lat' dir='ltr'><strong>est</strong></span> <span class='ocrx_word' id='word_1_101' title='bbox 1287 1819 1366 1863; x_wconf 91' lang='lat' dir='ltr'><strong>con-</strong></span> 
     </span>
     <span class='ocr_line' id='line_1_13' title="bbox 229 1898 1365 2003; baseline 0.005 -40"><span class='ocrx_word' id='word_1_102' title='bbox 229 1909 437 1977; x_wconf 84' lang='lat' dir='ltr'><strong>sentaneum,</strong></span> <span class='ocrx_word' id='word_1_103' title='bbox 461 1909 560 1963; x_wconf 83' lang='lat' dir='ltr'><strong>totam</strong></span> <span class='ocrx_word' id='word_1_104' title='bbox 579 1898 661 1964; x_wconf 86' lang='lat' dir='ltr'><strong>hane</strong></span> <span class='ocrx_word' id='word_1_105' title='bbox 681 1900 914 1985; x_wconf 80' lang='lat' dir='ltr'><strong>expeditionem</strong></span> <span class='ocrx_word' id='word_1_106' title='bbox 932 1903 972 1967; x_wconf 85' lang='lat' dir='ltr'><em>ab</em></span> <span class='ocrx_word' id='word_1_107' title='bbox 989 1903 1124 1968; x_wconf 82' lang='lat' dir='ltr'><strong>Arriano</strong></span> <span class='ocrx_word' id='word_1_108' title='bbox 1146 1906 1278 2003; x_wconf 87' lang='lat' dir='ltr'><strong>petitam</strong></span> <span class='ocrx_word' id='word_1_109' title='bbox 1298 1926 1365 1970; x_wconf 87' lang='lat' dir='ltr'><strong>esse</strong></span> 
     </span>
     <span class='ocr_line' id='line_1_14' title="bbox 228 1987 1364 2095; baseline 0.006 -27"><span class='ocrx_word' id='word_1_110' title='bbox 228 2027 264 2070; x_wconf 81' lang='lat' dir='ltr'><strong>ex</strong></span> <span class='ocrx_word' id='word_1_111' title='bbox 283 2005 385 2090; x_wconf 86' lang='lat' dir='ltr'><strong>ipsius</strong></span> <span class='ocrx_word' id='word_1_112' title='bbox 399 2005 577 2069; x_wconf 75' lang='lat' dir='ltr'><strong>&#39;Ptolemaei</strong></span> <span class='ocrx_word' id='word_1_113' title='bbox 598 2009 847 2088; x_wconf 85' lang='lat' dir='ltr'><strong>commentariis,</strong></span> <span class='ocrx_word' id='word_1_114' title='bbox 874 2008 965 2091; x_wconf 79' lang='lat' dir='ltr'><strong>enjus</strong></span> <span class='ocrx_word' id='word_1_115' title='bbox 986 2009 1019 2071; x_wconf 90' lang='lat' dir='ltr'><em>in</em></span> <span class='ocrx_word' id='word_1_116' title='bbox 1040 2032 1076 2074; x_wconf 84' lang='lat' dir='ltr'><strong>ea</strong></span> <span class='ocrx_word' id='word_1_117' title='bbox 1093 2021 1188 2095; x_wconf 87' lang='lat' dir='ltr'><strong>gente</strong></span> <span class='ocrx_word' id='word_1_118' title='bbox 1209 1987 1364 2076; x_wconf 73' lang='lat' dir='ltr'><strong>demenda</strong></span> 
     </span>
     <span class='ocr_line' id='line_1_15' title="bbox 227 2111 1363 2203; baseline 0.004 -28"><span class='ocrx_word' id='word_1_119' title='bbox 227 2121 336 2177; x_wconf 81' lang='lat' dir='ltr'><strong>tantae</strong></span> <span class='ocrx_word' id='word_1_120' title='bbox 348 2111 438 2175; x_wconf 86' lang='lat' dir='ltr'><strong>luero</strong></span> <span class='ocrx_word' id='word_1_121' title='bbox 448 2123 577 2200; x_wconf 80' lang='lat' dir='ltr'><strong>tamque</strong></span> <span class='ocrx_word' id='word_1_122' title='bbox 589 2113 737 2198; x_wconf 83' lang='lat' dir='ltr'><strong>egregiae</strong></span> <span class='ocrx_word' id='word_1_123' title='bbox 749 2125 866 2200; x_wconf 86' lang='lat' dir='ltr'><strong>partes.</strong></span> <span class='ocrx_word' id='word_1_124' title='bbox 891 2115 1037 2179; x_wconf 84' lang='lat' dir='ltr'><strong>Ceterum</strong></span> <span class='ocrx_word' id='word_1_125' title='bbox 1050 2138 1081 2200; x_wconf 97' lang='lat' dir='ltr'><strong>p</strong></span> <span class='ocrx_word' id='word_1_126' title='bbox 1100 2118 1181 2181; x_wconf 79' lang='lat' dir='ltr'><em>38v</em></span> <span class='ocrx_word' id='word_1_127' title='bbox 1196 2118 1235 2180; x_wconf 88' lang='lat'><em>31</em></span> <span class='ocrx_word' id='word_1_128' title='bbox 1252 2139 1301 2203; x_wconf 89' lang='lat' dir='ltr'><em>sq.</em></span> <span class='ocrx_word' id='word_1_129' title='bbox 1314 2117 1363 2180; x_wconf 83' lang='lat' dir='ltr'><strong>vel</strong></span> 
     </span>
     <span class='ocr_line' id='line_1_16' title="bbox 226 2206 1363 2307; baseline 0.001 -25"><span class='ocrx_word' id='word_1_130' title='bbox 226 2217 421 2304; x_wconf 83' lang='lat' dir='ltr'><strong>transposita</strong></span> <span class='ocrx_word' id='word_1_131' title='bbox 438 2239 516 2283; x_wconf 81' lang='lat' dir='ltr'><strong>voce</strong></span> <span class='ocrx_word' id='word_1_132' title='bbox 534 2206 616 2280; x_wconf 73' lang='lat' dir='ltr'><strong>oillei</strong></span> <span class='ocrx_word' id='word_1_133' title='bbox 634 2219 766 2305; x_wconf 84' lang='lat' dir='ltr'><strong>legerim</strong></span> <span class='ocrx_word' id='word_1_134' title='bbox 786 2241 794 2284; x_wconf 73' lang='grc' dir='ltr'><em>ε</em></span> <span class='ocrx_word' id='word_1_135' title='bbox 817 2209 1051 2306; x_wconf 82' lang='grc' dir='ltr'><em>παρετάξαντο,</em></span> <span class='ocrx_word' id='word_1_136' title='bbox 1068 2209 1222 2307; x_wconf 76' lang='grc' dir='ltr'><em>(γήλοφον</em></span> <span class='ocrx_word' id='word_1_137' title='bbox 1242 2210 1303 2305; x_wconf 85' lang='grc' dir='ltr'><em>γάρ</em></span> <span class='ocrx_word' id='word_1_138' title='bbox 1323 2258 1363 2269; x_wconf 93' lang='lat'><em>-</em></span> 
     </span>
     <span class='ocr_line' id='line_1_17' title="bbox 225 2312 1364 2405; baseline 0 -18"><span class='ocrx_word' id='word_1_139' title='bbox 225 2312 361 2405; x_wconf 85' lang='grc' dir='ltr'><em>λόχους)</em></span> <span class='ocrx_word' id='word_1_140' title='bbox 383 2312 465 2384; x_wconf 69' lang='lat' dir='ltr'><strong>(illd</strong></span> <span class='ocrx_word' id='word_1_141' title='bbox 477 2320 727 2405; x_wconf 85' lang='grc' dir='ltr'><em>Πτολεμαῖος</em></span> <span class='ocrx_word' id='word_1_142' title='bbox 740 2347 768 2388; x_wconf 92' lang='grc' dir='ltr'><em>κ.</em></span> <span class='ocrx_word' id='word_1_143' title='bbox 778 2347 806 2387; x_wconf 89' lang='grc' dir='ltr'><em>τ.</em></span> <span class='ocrx_word' id='word_1_144' title='bbox 817 2321 864 2404; x_wconf 93' lang='grc' dir='ltr'><em>λ.,</em></span> <span class='ocrx_word' id='word_1_145' title='bbox 883 2325 933 2387; x_wconf 84' lang='lat' dir='ltr'><strong>vel</strong></span> <span class='ocrx_word' id='word_1_146' title='bbox 954 2336 1040 2389; x_wconf 85' lang='lat' dir='ltr'><strong>certe</strong></span> <span class='ocrx_word' id='word_1_147' title='bbox 1059 2322 1119 2388; x_wconf 90' lang='lat' dir='ltr'><strong>hoe</strong></span> <span class='ocrx_word' id='word_1_148' title='bbox 1139 2323 1233 2388; x_wconf 92' lang='lat' dir='ltr'><strong>modo</strong></span> <span class='ocrx_word' id='word_1_149' title='bbox 1251 2320 1364 2389; x_wconf 80' lang='lat' dir='ltr'><strong>distin-</strong></span> 
     </span>
     <span class='ocr_line' id='line_1_18' title="bbox 225 2415 1361 2514; baseline 0.002 -22"><span class='ocrx_word' id='word_1_150' title='bbox 225 2424 360 2513; x_wconf 54' lang='lat' dir='ltr'><strong>xerim2:</strong></span> <span class='ocrx_word' id='word_1_151' title='bbox 380 2415 463 2490; x_wconf 83' lang='grc' dir='ltr'><em>άλλό</em></span> <span class='ocrx_word' id='word_1_152' title='bbox 484 2415 640 2513; x_wconf 78' lang='grc' dir='ltr'><em>(γήλοφον</em></span> <span class='ocrx_word' id='word_1_153' title='bbox 661 2421 723 2514; x_wconf 79' lang='grc' dir='ltr'><em>γάρ</em></span> <span class='ocrx_word' id='word_1_154' title='bbox 747 2466 787 2477; x_wconf 85' lang='grc'><strong>-</strong></span> <span class='ocrx_word' id='word_1_155' title='bbox 810 2417 940 2513; x_wconf 87' lang='grc' dir='ltr'><em>λόχους)</em></span> <span class='ocrx_word' id='word_1_156' title='bbox 964 2429 1211 2512; x_wconf 83' lang='grc' dir='ltr'><em>Πτολεμαῖος</em></span> <span class='ocrx_word' id='word_1_157' title='bbox 1231 2453 1259 2493; x_wconf 94' lang='grc' dir='ltr'><em>κ.</em></span> <span class='ocrx_word' id='word_1_158' title='bbox 1281 2450 1309 2494; x_wconf 86' lang='grc' dir='ltr'><em>τ.</em></span> <span class='ocrx_word' id='word_1_159' title='bbox 1333 2426 1361 2494; x_wconf 88' lang='grc' dir='ltr'><em>λ.</em></span> 
     </span>
    </p>
   </div>
   <div class='ocr_carea' id='block_1_3' title="bbox 746 2604 849 2673">
    <p class='ocr_par' dir='ltr' id='par_1_4' title="bbox 746 2604 849 2673">
     <span class='ocr_line' id='line_1_19' title="bbox 746 2604 849 2673; baseline 0 -6"><span class='ocrx_word' id='word_1_160' title='bbox 746 2604 849 2673; x_wconf 82' lang='lat' dir='ltr'><strong>XVII.</strong></span> 
     </span>
    </p>
   </div>
   <div class='ocr_carea' id='block_1_4' title="bbox 222 2732 1366 4688">
    <p class='ocr_par' dir='ltr' id='par_1_5' title="bbox 222 2732 1366 4584">
     <span class='ocr_line' id='line_1_20' title="bbox 271 2732 1362 2859; baseline -0.001 -48"><span class='ocrx_word' id='word_1_161' title='bbox 271 2744 402 2811; x_wconf 74' lang='lat' dir='ltr'><em>Atrion.</em></span> <span class='ocrx_word' id='word_1_162' title='bbox 426 2744 467 2845; x_wconf 88' lang='lat' dir='ltr'><strong>V</strong></span> <span class='ocrx_word' id='word_1_163' title='bbox 494 2746 547 2811; x_wconf 84' lang='lat'><em>14.</em></span> <span class='ocrx_word' id='word_1_164' title='bbox 573 2750 610 2825; x_wconf 86' lang='lat'><em>5,</em></span> <span class='ocrx_word' id='word_1_165' title='bbox 639 2747 691 2813; x_wconf 83' lang='lat'><em>15.</em></span> <span class='ocrx_word' id='word_1_166' title='bbox 719 2747 748 2826; x_wconf 91' lang='grc'><em>1,</em></span> <span class='ocrx_word' id='word_1_167' title='bbox 773 2746 805 2812; x_wconf 83' lang='grc'><em>2.</em></span> <span class='ocrx_word' id='word_1_168' title='bbox 839 2734 1170 2828; x_wconf 81' lang='grc' dir='ltr'><em>Πτολεμαιοςι</em></span> <span class='ocrx_word' id='word_1_169' title='bbox 1150 2769 1167 2810; x_wconf 97' lang='grc' dir='ltr'><em>ο</em></span> <span class='ocrx_word' id='word_1_170' title='bbox 1199 2732 1362 2859; x_wconf 87' lang='grc' dir='ltr'><em>Λάγου,</em></span> 
     </span>
     <span class='ocr_line' id='line_1_21' title="bbox 224 2835 1366 2968; baseline -0.004 -51"><span class='ocrx_word' id='word_1_171' title='bbox 224 2841 297 2968; x_wconf 75' lang='grc' dir='ltr'><em>ὅτιρ</em></span> <span class='ocrx_word' id='word_1_172' title='bbox 327 2848 380 2913; x_wconf 90' lang='grc' dir='ltr'><em>καὶ</em></span> <span class='ocrx_word' id='word_1_173' title='bbox 410 2835 471 2934; x_wconf 82' lang='grc' dir='ltr'><em>ἒγοὶ</em></span> <span class='ocrx_word' id='word_1_174' title='bbox 498 2848 549 2931; x_wconf 80' lang='grc' dir='ltr'><em>ξογ</em></span> <span class='ocrx_word' id='word_1_175' title='bbox 520 2838 726 2966; x_wconf 82' lang='grc' dir='ltr'><em>ομφέρομαι,</em></span> <span class='ocrx_word' id='word_1_176' title='bbox 758 2847 989 2967; x_wconf 77' lang='grc' dir='ltr'><em>εκπεμφθῆιιι</em></span> <span class='ocrx_word' id='word_1_177' title='bbox 1018 2846 1072 2914; x_wconf 86' lang='grc' dir='ltr'><em>τόν</em></span> <span class='ocrx_word' id='word_1_178' title='bbox 1097 2836 1241 2912; x_wconf 86' lang='grc' dir='ltr'><em>παῖδα</em></span> <span class='ocrx_word' id='word_1_179' title='bbox 1222 2842 1288 2913; x_wconf 89' lang='grc' dir='ltr'><em>οπο</em></span> <span class='ocrx_word' id='word_1_180' title='bbox 1306 2848 1366 2913; x_wconf 84' lang='grc' dir='ltr'><em>τοῦ</em></span> 
     </span>
     <span class='ocr_line' id='line_1_22' title="bbox 222 2941 1365 3067; baseline -0.007 -48"><span class='ocrx_word' id='word_1_181' title='bbox 222 2942 354 3041; x_wconf 84' lang='grc' dir='ltr'><em>Πιόροο</em></span> <span class='ocrx_word' id='word_1_182' title='bbox 373 2948 473 3067; x_wconf 84' lang='grc' dir='ltr'><em>λέγει,</em></span> <span class='ocrx_word' id='word_1_183' title='bbox 495 2943 564 3016; x_wconf 88' lang='grc' dir='ltr'><em>άλλ</em></span> <span class='ocrx_word' id='word_1_184' title='bbox 584 2944 643 3035; x_wconf 76' lang='grc' dir='ltr'><em>οὐχ</em></span> <span class='ocrx_word' id='word_1_185' title='bbox 663 2943 813 3041; x_wconf 73' lang='grc' dir='ltr'><em>ἑξήκοντα</em></span> <span class='ocrx_word' id='word_1_186' title='bbox 832 2942 915 3034; x_wconf 76' lang='grc' dir='ltr'><em>μόνα</em></span> <span class='ocrx_word' id='word_1_187' title='bbox 935 2946 990 3067; x_wconf 82' lang='grc' dir='ltr'><em>άρρ</em></span> <span class='ocrx_word' id='word_1_188' title='bbox 977 2975 1063 3035; x_wconf 78' lang='grc' dir='ltr'><em>κατα</em></span> <span class='ocrx_word' id='word_1_189' title='bbox 1074 2972 1198 3036; x_wconf 83' lang='grc' dir='ltr'><em>αγοκτα</em></span> <span class='ocrx_word' id='word_1_190' title='bbox 1209 2988 1250 2999; x_wconf 92' lang='lat'><em>—-</em></span> <span class='ocrx_word' id='word_1_191' title='bbox 1262 2941 1365 3014; x_wconf 82' lang='grc' dir='ltr'><em>Ἀλλά</em></span> 
     </span>
     <span class='ocr_line' id='line_1_23' title="bbox 224 3039 1364 3142; baseline -0.005 -20"><span class='ocrx_word' id='word_1_192' title='bbox 224 3045 421 3137; x_wconf 79' lang='grc' dir='ltr'><em>δισχιλίους</em></span> <span class='ocrx_word' id='word_1_193' title='bbox 434 3046 495 3142; x_wconf 84' lang='grc' dir='ltr'><em>γάρ</em></span> <span class='ocrx_word' id='word_1_194' title='bbox 525 3051 658 3140; x_wconf 71' lang='grc' dir='ltr'><em>λέγεις</em></span> <span class='ocrx_word' id='word_1_195' title='bbox 647 3051 767 3131; x_wconf 88' lang='grc' dir='ltr'><em>ιππέας</em></span> <span class='ocrx_word' id='word_1_196' title='bbox 797 3046 914 3140; x_wconf 82' lang='grc' dir='ltr'><em>άγοντα</em></span> <span class='ocrx_word' id='word_1_197' title='bbox 949 3045 1129 3141; x_wconf 74' lang='grc' dir='ltr'><em>ἀφικέσθαι</em></span> <span class='ocrx_word' id='word_1_198' title='bbox 1156 3043 1211 3116; x_wconf 86' lang='grc' dir='ltr'><em>τόν</em></span> <span class='ocrx_word' id='word_1_199' title='bbox 1241 3039 1364 3139; x_wconf 86' lang='grc' dir='ltr'><em>Παὶρου</em></span> 
     </span>
     <span class='ocr_line' id='line_1_24' title="bbox 223 3144 1365 3244; baseline -0.004 -21"><span class='ocrx_word' id='word_1_200' title='bbox 223 3157 352 3236; x_wconf 85' lang='grc' dir='ltr'><em>παῖδα,</em></span> <span class='ocrx_word' id='word_1_201' title='bbox 382 3149 512 3244; x_wconf 84' lang='grc' dir='ltr'><em>άρματα</em></span> <span class='ocrx_word' id='word_1_202' title='bbox 542 3154 622 3221; x_wconf 85' lang='grc' dir='ltr'><em>δέ</em></span> <span class='ocrx_word' id='word_1_203' title='bbox 608 3148 718 3221; x_wconf 86' lang='grc' dir='ltr'><em>εκατδν</em></span> <span class='ocrx_word' id='word_1_204' title='bbox 747 3155 801 3221; x_wconf 89' lang='grc' dir='ltr'><em>καὶ</em></span> <span class='ocrx_word' id='word_1_205' title='bbox 821 3156 943 3222; x_wconf 75' lang='grc' dir='ltr'><em>εἴκοσι·</em></span> <span class='ocrx_word' id='word_1_206' title='bbox 965 3146 1099 3244; x_wconf 89' lang='grc' dir='ltr'><em>φθάσαι</em></span> <span class='ocrx_word' id='word_1_207' title='bbox 1120 3151 1156 3219; x_wconf 83' lang='grc' dir='ltr'><em>δέ</em></span> <span class='ocrx_word' id='word_1_208' title='bbox 1176 3144 1365 3241; x_wconf 77' lang='grc' dir='ltr'><em>περάσαντα</em></span> 
     </span>
     <span class='ocr_line' id='line_1_25' title="bbox 223 3207 1364 3349; baseline -0.005 -22"><span class='ocrx_word' id='word_1_209' title='bbox 223 3207 445 3347; x_wconf 82' lang='grc' dir='ltr'><em>Ἀλέξάνδρον</em></span> <span class='ocrx_word' id='word_1_210' title='bbox 473 3257 527 3323; x_wconf 87' lang='grc' dir='ltr'><em>καὶ</em></span> <span class='ocrx_word' id='word_1_211' title='bbox 555 3251 610 3324; x_wconf 88' lang='grc' dir='ltr'><em>τόν</em></span> <span class='ocrx_word' id='word_1_212' title='bbox 635 3257 668 3325; x_wconf 80' lang='grc' dir='ltr'><em>ἐκ</em></span> <span class='ocrx_word' id='word_1_213' title='bbox 687 3260 742 3347; x_wconf 82' lang='grc' dir='ltr'><em>τῆς</em></span> <span class='ocrx_word' id='word_1_214' title='bbox 761 3250 858 3349; x_wconf 83' lang='grc' dir='ltr'><em>κη’σου</em></span> <span class='ocrx_word' id='word_1_215' title='bbox 878 3252 933 3325; x_wconf 84' lang='grc' dir='ltr'><em>τόν</em></span> <span class='ocrx_word' id='word_1_216' title='bbox 952 3258 1135 3341; x_wconf 85' lang='grc' dir='ltr'><em>τελευταῖον</em></span> <span class='ocrx_word' id='word_1_217' title='bbox 1154 3247 1268 3344; x_wconf 89' lang='grc' dir='ltr'><em>πόρον.</em></span> <span class='ocrx_word' id='word_1_218' title='bbox 1298 3255 1364 3323; x_wconf 87' lang='grc' dir='ltr'><em>Καὶ</em></span> 
     </span>
     <span class='ocr_line' id='line_1_26' title="bbox 223 3350 1365 3450; baseline -0.007 -19"><span class='ocrx_word' id='word_1_219' title='bbox 223 3360 286 3431; x_wconf 76' lang='grc' dir='ltr'><em>ἐπὶ</em></span> <span class='ocrx_word' id='word_1_220' title='bbox 314 3352 448 3438; x_wconf 77' lang='grc' dir='ltr'><em>τούτους</em></span> <span class='ocrx_word' id='word_1_221' title='bbox 476 3354 518 3427; x_wconf 83' lang='grc' dir='ltr'><em>τά</em></span> <span class='ocrx_word' id='word_1_222' title='bbox 543 3360 601 3444; x_wconf 82' lang='grc' dir='ltr'><em>μέν</em></span> <span class='ocrx_word' id='word_1_223' title='bbox 627 3362 745 3450; x_wconf 79' lang='grc' dir='ltr'><em>πρῶτα</em></span> <span class='ocrx_word' id='word_1_224' title='bbox 774 3359 940 3450; x_wconf 79' lang='grc' dir='ltr'><em>ἐκπέμψαι</em></span> <span class='ocrx_word' id='word_1_225' title='bbox 960 3356 1173 3449; x_wconf 80' lang='grc' dir='ltr'><em>Ἀλέξανδρον</em></span> <span class='ocrx_word' id='word_1_226' title='bbox 1192 3359 1246 3424; x_wconf 81' lang='grc' dir='ltr'><em>καὶ</em></span> <span class='ocrx_word' id='word_1_227' title='bbox 1269 3350 1365 3434; x_wconf 83' lang='grc' dir='ltr'><em>οὗτος</em></span> 
     </span>
     <span class='ocr_line' id='line_1_27' title="bbox 222 3452 1364 3552; baseline -0.005 -19"><span class='ocrx_word' id='word_1_228' title='bbox 222 3464 316 3552; x_wconf 84' lang='grc' dir='ltr'><em>λέγει</em></span> <span class='ocrx_word' id='word_1_229' title='bbox 341 3456 416 3540; x_wconf 83' lang='grc' dir='ltr'><em>τοός</em></span> <span class='ocrx_word' id='word_1_230' title='bbox 445 3455 682 3544; x_wconf 82' lang='grc' dir='ltr'><em>ἱπποτοξότας,</em></span> <span class='ocrx_word' id='word_1_231' title='bbox 705 3457 800 3532; x_wconf 73' lang='grc' dir='ltr'><em>αὐτόν</em></span> <span class='ocrx_word' id='word_1_232' title='bbox 817 3458 859 3531; x_wconf 84' lang='grc' dir='ltr'><em>Ιδ’</em></span> <span class='ocrx_word' id='word_1_233' title='bbox 879 3457 965 3551; x_wconf 83' lang='grc' dir='ltr'><em>άγειν</em></span> <span class='ocrx_word' id='word_1_234' title='bbox 984 3457 1059 3541; x_wconf 69' lang='lat' dir='ltr'><strong>eodo</strong></span> <span class='ocrx_word' id='word_1_235' title='bbox 1079 3461 1215 3537; x_wconf 80' lang='grc' dir='ltr'><em>ἱππέας·</em></span> <span class='ocrx_word' id='word_1_236' title='bbox 1236 3452 1364 3551; x_wconf 86' lang='grc' dir='ltr'><em>προσά-</em></span> 
     </span>
     <span class='ocr_line' id='line_1_28' title="bbox 224 3558 1364 3656; baseline -0.004 -22"><span class='ocrx_word' id='word_1_237' title='bbox 224 3590 296 3656; x_wconf 88' lang='grc' dir='ltr'><em>γειν</em></span> <span class='ocrx_word' id='word_1_238' title='bbox 314 3561 376 3656; x_wconf 86' lang='grc' dir='ltr'><em>γάρ</em></span> <span class='ocrx_word' id='word_1_239' title='bbox 398 3564 550 3655; x_wconf 73' lang='grc' dir='ltr'><em>οἰηθῆναι</em></span> <span class='ocrx_word' id='word_1_240' title='bbox 569 3567 689 3656; x_wconf 77' lang='grc' dir='ltr'><em>Πῶρον</em></span> <span class='ocrx_word' id='word_1_241' title='bbox 712 3561 769 3648; x_wconf 64' lang='lat' dir='ltr'><em>§dv</em></span> <span class='ocrx_word' id='word_1_242' title='bbox 787 3568 830 3656; x_wconf 82' lang='grc' dir='ltr'><em>τῇ</em></span> <span class='ocrx_word' id='word_1_243' title='bbox 850 3558 982 3651; x_wconf 77' lang='grc' dir='ltr'><em>δυνάμει</em></span> <span class='ocrx_word' id='word_1_244' title='bbox 1002 3558 1107 3654; x_wconf 75' lang='grc' dir='ltr'><em>πάσῃ·</em></span> <span class='ocrx_word' id='word_1_245' title='bbox 1128 3558 1184 3653; x_wconf 74' lang='grc' dir='ltr'><em>την</em></span> <span class='ocrx_word' id='word_1_246' title='bbox 1204 3563 1241 3630; x_wconf 82' lang='grc' dir='ltr'><em>δὲ</em></span> <span class='ocrx_word' id='word_1_247' title='bbox 1260 3563 1364 3631; x_wconf 84' lang='grc' dir='ltr'><em>ἵππον</em></span> 
     </span>
     <span class='ocr_line' id='line_1_29' title="bbox 223 3661 1363 3760; baseline -0.002 -23"><span class='ocrx_word' id='word_1_248' title='bbox 223 3662 346 3758; x_wconf 77' lang='grc' dir='ltr'><em>ταύτην</em></span> <span class='ocrx_word' id='word_1_249' title='bbox 375 3667 632 3760; x_wconf 67' lang='grc' dir='ltr'><em>προτεταγμένην</em></span> <span class='ocrx_word' id='word_1_250' title='bbox 661 3661 749 3754; x_wconf 81' lang='grc' dir='ltr'><em>αότηῖ</em></span> <span class='ocrx_word' id='word_1_251' title='bbox 777 3662 1051 3760; x_wconf 77' lang='grc' dir='ltr'><em>προπορεύεσθαι</em></span> <span class='ocrx_word' id='word_1_252' title='bbox 1080 3661 1147 3757; x_wconf 86' lang='grc' dir='ltr'><em>πρό</em></span> <span class='ocrx_word' id='word_1_253' title='bbox 1176 3667 1236 3734; x_wconf 85' lang='grc' dir='ltr'><em>τοῦ</em></span> <span class='ocrx_word' id='word_1_254' title='bbox 1263 3661 1363 3735; x_wconf 75' lang='grc' dir='ltr'><em>ἄλλου</em></span> 
     </span>
     <span class='ocr_line' id='line_1_30' title="bbox 225 3760 1361 3863; baseline -0.003 -23"><span class='ocrx_word' id='word_1_255' title='bbox 225 3774 381 3863; x_wconf 84' lang='grc' dir='ltr'><em>στρατοῦ.</em></span> <span class='ocrx_word' id='word_1_256' title='bbox 409 3766 461 3849; x_wconf 88' lang='grc' dir='ltr'><em>Ὡς</em></span> <span class='ocrx_word' id='word_1_257' title='bbox 480 3772 517 3838; x_wconf 84' lang='grc' dir='ltr'><em>δὲ</em></span> <span class='ocrx_word' id='word_1_258' title='bbox 537 3773 720 3858; x_wconf 86' lang='grc' dir='ltr'><em>κατέμαθεν</em></span> <span class='ocrx_word' id='word_1_259' title='bbox 739 3765 880 3862; x_wconf 81' lang='grc' dir='ltr'><em>άτρεκιῖς</em></span> <span class='ocrx_word' id='word_1_260' title='bbox 899 3767 937 3838; x_wconf 84' lang='grc' dir='ltr'><em>τό</em></span> <span class='ocrx_word' id='word_1_261' title='bbox 957 3774 1089 3863; x_wconf 82' lang='grc' dir='ltr'><em>πλῆθος</em></span> <span class='ocrx_word' id='word_1_262' title='bbox 1107 3764 1145 3838; x_wconf 87' lang='grc' dir='ltr'><em>τό</em></span> <span class='ocrx_word' id='word_1_263' title='bbox 1164 3772 1228 3837; x_wconf 78' lang='grc' dir='ltr'><em>τοῖν</em></span> <span class='ocrx_word' id='word_1_264' title='bbox 1249 3760 1361 3852; x_wconf 74' lang='grc' dir='ltr'><em>’[νδοῖν,</em></span> 
     </span>
     <span class='ocr_line' id='line_1_31' title="bbox 224 3868 1361 3965; baseline -0.006 -20"><span class='ocrx_word' id='word_1_265' title='bbox 224 3876 372 3945; x_wconf 81' lang='grc' dir='ltr'><em>ἐνταῦθα</em></span> <span class='ocrx_word' id='word_1_266' title='bbox 401 3868 441 3964; x_wconf 78' lang='grc' dir='ltr'><em>δὴ</em></span> <span class='ocrx_word' id='word_1_267' title='bbox 461 3868 559 3955; x_wconf 82' lang='grc' dir='ltr'><em>ὀξέως</em></span> <span class='ocrx_word' id='word_1_268' title='bbox 579 3874 746 3942; x_wconf 77' lang='grc' dir='ltr'><em>ἐπιπεσεῖν</em></span> <span class='ocrx_word' id='word_1_269' title='bbox 766 3869 874 3953; x_wconf 73' lang='grc' dir='ltr'><em>αὐτοῖς</em></span> <span class='ocrx_word' id='word_1_270' title='bbox 893 3871 949 3957; x_wconf 84' lang='grc' dir='ltr'><em>ξόν</em></span> <span class='ocrx_word' id='word_1_271' title='bbox 967 3878 1009 3965; x_wconf 81' lang='grc' dir='ltr'><em>τῇ</em></span> <span class='ocrx_word' id='word_1_272' title='bbox 1028 3868 1113 3965; x_wconf 75' lang='grc' dir='ltr'><em>ἄμφ’</em></span> <span class='ocrx_word' id='word_1_273' title='bbox 1132 3868 1227 3941; x_wconf 83' lang='grc' dir='ltr'><em>αότόν</em></span> <span class='ocrx_word' id='word_1_274' title='bbox 1246 3872 1361 3959; x_wconf 82' lang='grc' dir='ltr'><em>ἱππιρ·</em></span> 
     </span>
     <span class='ocr_line' id='line_1_32' title="bbox 223 3971 1362 4067; baseline -0.004 -21"><span class='ocrx_word' id='word_1_275' title='bbox 223 3973 303 4056; x_wconf 71' lang='grc' dir='ltr'><em>τοτ’-ς</em></span> <span class='ocrx_word' id='word_1_276' title='bbox 333 3978 370 4046; x_wconf 84' lang='grc' dir='ltr'><em>δὲ</em></span> <span class='ocrx_word' id='word_1_277' title='bbox 398 3977 548 4067; x_wconf 79' lang='grc' dir='ltr'><em>ἐγκλῖναι,</em></span> <span class='ocrx_word' id='word_1_278' title='bbox 579 3971 624 4056; x_wconf 80' lang='grc' dir='ltr'><em>οἱς</em></span> <span class='ocrx_word' id='word_1_279' title='bbox 651 3971 865 4067; x_wconf 82' lang='grc' dir='ltr'><em>Ἀλέξανδρόν</em></span> <span class='ocrx_word' id='word_1_280' title='bbox 894 4001 931 4044; x_wconf 89' lang='grc' dir='ltr'><em>τε</em></span> <span class='ocrx_word' id='word_1_281' title='bbox 961 3971 1058 4045; x_wconf 72' lang='grc' dir='ltr'><em>αὐτόν</em></span> <span class='ocrx_word' id='word_1_282' title='bbox 1087 3980 1232 4051; x_wconf 79' lang='grc' dir='ltr'><em>κατεῖδον</em></span> <span class='ocrx_word' id='word_1_283' title='bbox 1250 3976 1305 4042; x_wconf 83' lang='grc' dir='ltr'><em>καλ</em></span> <span class='ocrx_word' id='word_1_284' title='bbox 1324 3973 1362 4042; x_wconf 86' lang='grc' dir='ltr'><em>τό</em></span> 
     </span>
     <span class='ocr_line' id='line_1_33' title="bbox 224 4072 1363 4172; baseline -0.003 -23"><span class='ocrx_word' id='word_1_285' title='bbox 224 4085 347 4172; x_wconf 85' lang='grc' dir='ltr'><em>στῖφος</em></span> <span class='ocrx_word' id='word_1_286' title='bbox 375 4074 460 4171; x_wconf 81' lang='grc' dir='ltr'><em>άμφ’</em></span> <span class='ocrx_word' id='word_1_287' title='bbox 484 4075 581 4149; x_wconf 77' lang='grc' dir='ltr'><em>αὐτόν</em></span> <span class='ocrx_word' id='word_1_288' title='bbox 607 4083 671 4148; x_wconf 87' lang='grc' dir='ltr'><em>ταῖν</em></span> <span class='ocrx_word' id='word_1_289' title='bbox 701 4081 838 4163; x_wconf 87' lang='grc' dir='ltr'><em>ἱππέων,</em></span> <span class='ocrx_word' id='word_1_290' title='bbox 861 4074 919 4148; x_wconf 84' lang='grc' dir='ltr'><em>οόκ</em></span> <span class='ocrx_word' id='word_1_291' title='bbox 940 4080 995 4147; x_wconf 82' lang='grc' dir='ltr'><em>ἐπὶ</em></span> <span class='ocrx_word' id='word_1_292' title='bbox 1014 4072 1172 4166; x_wconf 81' lang='grc' dir='ltr'><em>μετώπῳ,</em></span> <span class='ocrx_word' id='word_1_293' title='bbox 1193 4074 1276 4146; x_wconf 66' lang='lat' dir='ltr'><strong>otto</strong></span> <span class='ocrx_word' id='word_1_294' title='bbox 1294 4074 1363 4146; x_wconf 73' lang='grc' dir='ltr'><em>κατ’</em></span> 
     </span>
     <span class='ocr_line' id='line_1_34' title="bbox 225 4176 1363 4273; baseline -0.003 -20"><span class='ocrx_word' id='word_1_295' title='bbox 225 4187 300 4263; x_wconf 78' lang='grc' dir='ltr'><em>ῖλας</em></span> <span class='ocrx_word' id='word_1_296' title='bbox 329 4176 532 4273; x_wconf 74' lang='grc' dir='ltr'><em>ἐμβεβληκός.</em></span> <span class='ocrx_word' id='word_1_297' title='bbox 558 4184 625 4251; x_wconf 79' lang='grc' dir='ltr'><em>Καὶ</em></span> <span class='ocrx_word' id='word_1_298' title='bbox 648 4178 771 4252; x_wconf 69' lang='grc' dir='ltr'><em>τούτων</em></span> <span class='ocrx_word' id='word_1_299' title='bbox 801 4182 921 4262; x_wconf 89' lang='grc' dir='ltr'><em>ἱππέας</em></span> <span class='ocrx_word' id='word_1_300' title='bbox 945 4183 1003 4269; x_wconf 86' lang='grc' dir='ltr'><em>μέν</em></span> <span class='ocrx_word' id='word_1_301' title='bbox 1027 4189 1139 4251; x_wconf 87' lang='grc' dir='ltr'><em>πεσεῖν</em></span> <span class='ocrx_word' id='word_1_302' title='bbox 1158 4182 1190 4261; x_wconf 76' lang='grc' dir='ltr'><em>ἐς</em></span> <span class='ocrx_word' id='word_1_303' title='bbox 1209 4206 1363 4272; x_wconf 89' lang='grc' dir='ltr'><em>τετρακο-</em></span> 
     </span>
     <span class='ocr_line' id='line_1_35' title="bbox 225 4278 1362 4457; baseline -0.005 -100"><span class='ocrx_word' id='word_1_304' title='bbox 225 4288 354 4407; x_wconf 67' lang='grc' dir='ltr'><em>σῖμος,</em></span> <span class='ocrx_word' id='word_1_305' title='bbox 364 4292 476 4360; x_wconf 85' lang='grc' dir='ltr'><em>πεσεῖν</em></span> <span class='ocrx_word' id='word_1_306' title='bbox 508 4286 545 4354; x_wconf 84' lang='grc' dir='ltr'><em>δὲ</em></span> <span class='ocrx_word' id='word_1_307' title='bbox 571 4283 654 4353; x_wconf 88' lang='grc' dir='ltr'><em>καὶ</em></span> <span class='ocrx_word' id='word_1_308' title='bbox 653 4289 713 4354; x_wconf 82' lang='grc' dir='ltr'><em>τοῦ</em></span> <span class='ocrx_word' id='word_1_309' title='bbox 741 4280 865 4406; x_wconf 77' lang='grc' dir='ltr'><em>Πάρου</em></span> <span class='ocrx_word' id='word_1_310' title='bbox 895 4280 950 4355; x_wconf 84' lang='grc' dir='ltr'><em>τόν</em></span> <span class='ocrx_word' id='word_1_311' title='bbox 979 4290 1096 4355; x_wconf 85' lang='grc' dir='ltr'><em>παῖδα</em></span> <span class='ocrx_word' id='word_1_312' title='bbox 1095 4312 1214 4457; x_wconf 66' lang='grc' dir='ltr'><em>ἐτγι</em></span> <span class='ocrx_word' id='word_1_313' title='bbox 1146 4278 1254 4353; x_wconf 77' lang='grc' dir='ltr'><em>δὲ”</em></span> <span class='ocrx_word' id='word_1_314' title='bbox 1233 4310 1362 4374; x_wconf 86' lang='grc' dir='ltr'><em>αρματα</em></span> 
     </span>
     <span class='ocr_line' id='line_1_36' title="bbox 223 4380 1363 4482; baseline -0.004 -21"><span class='ocrx_word' id='word_1_315' title='bbox 223 4384 337 4467; x_wconf 71' lang='grc' dir='ltr'><em>αὐτοῖς</em></span> <span class='ocrx_word' id='word_1_316' title='bbox 356 4388 471 4469; x_wconf 83' lang='grc' dir='ltr'><em>ἵπποις</em></span> <span class='ocrx_word' id='word_1_317' title='bbox 490 4384 652 4458; x_wconf 81' lang='grc' dir='ltr'><em>άλαῖναι”</em></span> <span class='ocrx_word' id='word_1_318' title='bbox 630 4415 663 4457; x_wconf 88' lang='grc' dir='ltr'><em>εν</em></span> <span class='ocrx_word' id='word_1_319' title='bbox 681 4414 719 4457; x_wconf 89' lang='grc' dir='ltr'><em>τε</em></span> <span class='ocrx_word' id='word_1_320' title='bbox 737 4392 779 4480; x_wconf 82' lang='grc' dir='ltr'><em>τῇ</em></span> <span class='ocrx_word' id='word_1_321' title='bbox 799 4383 1009 4480; x_wconf 86' lang='grc' dir='ltr'><em>α’ποχωρησει</em></span> <span class='ocrx_word' id='word_1_322' title='bbox 1027 4388 1110 4482; x_wconf 81' lang='grc' dir='ltr'><em>βαρέ</em></span> <span class='ocrx_word' id='word_1_323' title='bbox 1112 4417 1133 4457; x_wconf 91' lang='grc' dir='ltr'><em>α</em></span> <span class='ocrx_word' id='word_1_324' title='bbox 1144 4380 1227 4476; x_wconf 82' lang='grc' dir='ltr'><em>γενόγ</em></span> <span class='ocrx_word' id='word_1_325' title='bbox 1214 4411 1295 4474; x_wconf 89' lang='grc' dir='ltr'><em>μενα</em></span> <span class='ocrx_word' id='word_1_326' title='bbox 1307 4389 1363 4457; x_wconf 89' lang='grc' dir='ltr'><em>καὶ</em></span> 
     </span>
     <span class='ocr_line' id='line_1_37' title="bbox 223 4484 902 4585; baseline -0.004 -21"><span class='ocrx_word' id='word_1_327' title='bbox 223 4494 260 4564; x_wconf 73' lang='grc' dir='ltr'><em>ἐν</em></span> <span class='ocrx_word' id='word_1_328' title='bbox 280 4484 370 4578; x_wconf 74' lang='grc' dir='ltr'><em>αυτῷ</em></span> <span class='ocrx_word' id='word_1_329' title='bbox 388 4494 437 4578; x_wconf 74' lang='grc' dir='ltr'><em>τῷ</em></span> <span class='ocrx_word' id='word_1_330' title='bbox 457 4490 541 4584; x_wconf 76' lang='grc' dir='ltr'><em>έργιρ</em></span> <span class='ocrx_word' id='word_1_331' title='bbox 562 4486 629 4561; x_wconf 88' lang='grc' dir='ltr'><em>υπό</em></span> <span class='ocrx_word' id='word_1_332' title='bbox 651 4486 799 4583; x_wconf 84' lang='grc' dir='ltr'><em>πηλοῦ</em></span> <span class='ocrx_word' id='word_1_333' title='bbox 777 4499 902 4585; x_wconf 87' lang='grc' dir='ltr'><em>αχρεῖα.</em></span> 
     </span>
    </p>

    <p class='ocr_par' dir='ltr' id='par_1_6' title="bbox 275 4598 1357 4688">
     <span class='ocr_line' id='line_1_38' title="bbox 275 4598 1357 4688; baseline -0.002 -23"><span class='ocrx_word' id='word_1_334' title='bbox 275 4599 458 4666; x_wconf 75' lang='lat' dir='ltr'><strong>deotissime</strong></span> <span class='ocrx_word' id='word_1_335' title='bbox 487 4599 567 4667; x_wconf 81' lang='lat' dir='ltr'><strong>haee</strong></span> <span class='ocrx_word' id='word_1_336' title='bbox 600 4598 770 4670; x_wconf 76' lang='lat' dir='ltr'><strong>cohaerent</strong></span> <span class='ocrx_word' id='word_1_337' title='bbox 800 4621 876 4666; x_wconf 89' lang='lat' dir='ltr'><strong>enm</strong></span> <span class='ocrx_word' id='word_1_338' title='bbox 906 4599 1044 4669; x_wconf 81' lang='lat' dir='ltr'><em>Aristob.</em></span> <span class='ocrx_word' id='word_1_339' title='bbox 1067 4602 1192 4688; x_wconf 82' lang='lat' dir='ltr'><strong>Frogm.</strong></span> <span class='ocrx_word' id='word_1_340' title='bbox 1218 4600 1357 4677; x_wconf 73' lang='lat' dir='ltr'><strong>xxxii,</strong></span> 
     </span>
    </p>
   </div>
   <div class='ocr_carea' id='block_1_5' title="bbox 0 0 1654 5600">
    <p class='ocr_par' dir='ltr' id='par_1_7' title="bbox 0 0 1654 5600">
     <span class='ocr_line' id='line_1_39' title="bbox 0 0 1654 5600; baseline 0 2"><span class='ocrx_word' id='word_1_341' title='bbox 0 0 1654 5600; x_wconf 95' lang='lat' dir='ltr'><em> </em></span> 
     </span>
    </p>
   </div>
  </div>
 </body>
</html>
