3300 5600
803 610 867 672 116

264 770 515 863 κόσμονέκειτο,
531 802 591 844 κατ
591 768 760 896 ’ἀριθμόν
774 801 813 845 τε
827 779 882 846 καί
896 783 966 856 τοῖς
979 773 1117 850 πόλαι“
1097 807 1198 868 ομοια
1211 779 1411 860 ἀποθεῖναι·

265 881 323 948 καῖ
341 874 400 972 τῆν
425 880 567 972 θυρίδα
573 879 612 947 δὲ
631 872 806 972 όφανίσαι,
827 905 869 948 τα
860 875 948 966 μὲν
968 877 1068 973 αὐτῆς
1090 884 1180 972 λίθῳ
1201 886 1404 984 ε’νοαοδομῆ.

265 979 450 1077 σαντα,τᾶ
478 982 517 1051 δδ
542 985 638 1105 3333
661 975 887 1068 ε’μπλόισαντα·
914 986 969 1052 καί
990 985 1157 1073 ἐπιβαλεῖν
1176 1015 1225 1076 τῳ
1214 991 1400 1111 πηλρῐ
1361 1020 1398 1064 το

264 1094 398 1178 σημεῖον
422 1080 465 1154 τό
489 1078 664 1172 βασιλικόν.
685 1079 902 1176 Ἀλέξανδρος
921 1087 960 1155 δὲ
979 1084 1149 1175 ξυλλαβεῖν
1168 1085 1249 1170 τοός
1264 1085 1393 1217 Μόνορς

262 1185 341 1268 τούς
373 1178 521 1281 φύλακας
549 1191 611 1258 τοῦ
641 1181 752 1282 τόφου
785 1188 1016 1312 333333333333,
1050 1217 1098 1270 ως
1127 1200 1293 1264 κατειπεῖν
1321 1193 1388 1273 τοδς

264 1285 455 1414 δρόραντας.
478 1293 519 1364 03
539 1292 578 1362 δὲ
598 1287 744 1361 03333'
710 1317 787 1362 ουτε
807 1294 904 1383 σφοῖν
920 1287 996 1362 οίίτε
1016 1287 1119 1365 όίλλοο
1137 1305 1292 1367 κατεῖπον
1306 1321 1384 1391 στρε-
1423 1344 1425 1349 .

262 1388 453 1522 βλοόμενοι,
481 1389 559 1465 οὐδὲ
582 1388 666 1486 3333
691 1420 739 1486 πη
767 1396 995 1486 ξυιηλένχοντο
1021 1392 1203 1481 ξυνειδότες
1228 1404 1279 1492 τῷ
1302 1397 1380 1495 3333.

263 1499 370 1569 Καὶ
350 1500 408 1570 επί
429 1500 517 1588 τηῖδε
538 1493 728 1590 ἀφείθησαν
749 1497 784 1582 ἐξ
805 1492 1028 1592 Ἀλεξάνδρου.

272 1878 420 1996 7-81raho
447 1932 506 2000 XV
528 1952 562 2016 p.
591 1932 673 1996 1061
697 1928 775 1993 A-
789 1929 875 1995 1062
893 1931 932 1999 A.
964 1919 1032 1998 Εἶτ’
1053 1926 1102 2006 είς
1123 1921 1340 2022 Πασαργάδας
1353 1918 1378 2013 (ὅ

261 2026 483 2123 Ἀλέξανδρος)
502 2024 570 2124 ἧκε.
592 2032 659 2101 Καὶ
678 2032 777 2100 τοῦτο
799 2024 831 2099 δ’
850 2022 888 2123 ῆν
900 2032 1068 2117 βασίλεων
1085 2024 1230 2123 υίρχαῖον.
1246 2025 1379 2101 λῖταῖδα
1409 2048 1412 2055 ’

260 2135 299 2204 δὲ
317 2137 373 2205 καλ
392 2131 449 2218 τόν
474 2129 591 2228 Κόρου.
612 2125 722 2227 τόφον
743 2128 827 2202 εἶδεν
848 2135 880 2204 ἐν
900 2136 1111 2226 παραδείσῳ,
1132 2128 1260 2227 πόρνον
1282 2128 1319 2205 03
1335 2132 1378 2220 μί-

259 2265 326 2327 μαν,
354 2242 404 2327 τῷ
417 2232 524 2310 ,δόσει
544 2242 607 2307 τῶν
628 2237 770 2329 δένδρων
790 2237 1114 2330 ἐναποκεκρυμμένον,
1137 2232 1224 2307 κότω
1246 2239 1303 2327 μὲν
1322 2259 1377 2307 στε-

260 2340 343 2434 ρεδν,
372 2337 438 2410 ίίνω
466 2343 504 2412 33
531 2342 644 2432 στέγην
668 2338 784 2427 ἔχοντα
804 2342 860 2409 καί
876 2340 988 2433 σηκόν,
1012 2338 1123 2469 στενὴν
1143 2342 1264 2423 τελέως
1284 2339 1377 2428 ἔχοντα

258 2441 333 2536 τῆν
337 2447 483 2515 εἴσοδον·
505 2437 590 2513 δι’7
567 2470 605 2535 ης
625 2446 809 2534 παρελθεῖν
828 2447 908 2512 εῖσω
941 2447 1043 2565 ηιησὶν
1068 2438 1376 2537 Ἀριστόβουλος,

259 2541 470 2642 κελευσαντος
497 2573 556 2617 του
542 2547 754 2633 βασιλέως,
775 2548 830 2616 καί
850 2550 1012 2639 κοσμῆσαι
1033 2543 1091 2670 τόν
1110 2540 1228 2640 τόφον.
1254 2542 1378 2618 λδεῖνδὲ

258 2639 364 2749 κλίνην
388 2675 426 2719 τε
441 2653 590 2743 χρυσῆν,
616 2652 672 2729 καί
696 2643 864 2742 τράπεζαν
892 2646 949 2736 σόν
978 2644 1165 2739 ἐκπώμασι,
1195 2652 1252 2721 καλ
1278 2645 1383 2721 πόελον

256 2757 387 2881 χρυσῆν,
418 2756 473 2824 καί
502 2757 629 2878 ἐσθῆτα
659 2750 791 2845 πολλὴν,
819 2746 940 2840 κόσμον
964 2779 1002 2823 τε
1032 2747 1274 2878 λιθρκόλλητσν.
1302 2743 1377 2828 1333

256 2861 315 2945 μὲν
341 2851 397 2930 οὖν
416 2854 481 2986 τῆν
507 2851 641 2954 πρυίτην
662 2859 835 2950 ἐπιδημίαν
856 2860 936 2927 ταῦτ
936 2852 1096 2928 ἰδεῖν(
1082 2854 1220 2953 ν’στερον
1241 2862 1280 2930 33
1299 2860 1377 2949 3333

257 2966 371 3055 θῆναι,
398 2964 453 3030 καὶ
479 2956 521 3031 τό
546 2962 612 3049 μὲν
632 2954 715 3029 όίλλα
743 2961 986 3052 ἐκκομισθῆναι,
1014 2957 1072 3054 τῆν
1099 2964 1137 3032 δὲ
1163 2964 1317 3090 κλίνηνδ
1317 2986 1377 3085 ραν

258 3069 379 3157 σθῆναι
404 3058 504 3152 μόνον
529 3059 642 3134 καί
603 3091 689 3186 την.
679 3056 809 3148 πύελον,
837 3065 1045 3190 μεταθέντων
1065 3061 1121 3192 τόν
1140 3066 1271 3158 νεκρόν·
1293 3061 1333 3139 δι
1348 3054 1377 3134 3

257 3172 355 3261 δῆλον
379 3169 548 3269 γενέσθαι,
577 3160 701 3237 διότι
692 3171 924 3290 προνομευταῖν
954 3164 1056 3261 ἔργον
1076 3161 1125 3262 ῆν,
1153 3164 1228 3258 οόχλ
1252 3174 1312 3241 τοῦ
1334 3190 1377 3237 σα·

256 3266 404 3364 τρόπου,
437 3264 732 3351 καταλιπόντων
710 3298 733 3339 α
760 3266 806 3363 μῆ
839 3264 1026 3341 δυνατόντ
1005 3299 1043 3364 ην
1070 3274 1239 3365 ῥηιδίως’
1221 3275 1378 3363 εκκομίσαι.

257 3380 423 3473 Ξυμβῆναι
457 3379 495 3446 δὲ
527 3380 646 3461 ταῦτα,
657 3377 795 3505 καίπερ
830 3378 976 3468 φυλακῆς
1009 3378 1177 3468 περικειμέ
1178 3403 1234 3467 νης
1259 3373 1378 3468 Μάγων,

217 3543 220 3547 ,
256 3472 612 3566 σίτισινλαμβανόντων
627 3475 743 3548 καθ’
722 3480 845 3571 ημέραν
856 3472 1035 3572 πρόβατον,
1051 3478 1108 3549 δια
1121 3475 1269 3572 μηνδςδ
1281 3482 1379 3552 ἵππον

254 3577 387 3654 ἨΑλλ
369 3609 387 3652 ο
409 3580 602 3670 ἐκτοπισμδς
622 3586 681 3676 τῆς
702 3576 801 3652 Ἀλε
781 3577 922 3675 όνδρου
944 3586 1100 3676 στρατιαῖς
1122 3585 1171 3708 εἰς
1191 3579 1323 3678 Βάκτρα
1338 3580 1381 3652 καί

254 3677 374 3765 ’[νδοδς
401 3680 510 3756 πολλόν
539 3712 577 3755 τε
610 3681 694 3759 όίλλα
723 3689 978 3779 νεωτερισθῆναι
1006 3681 1249 3779 παρεσκεύασε,
1276 3691 1331 3758 καλ
1319 3682 1382 3815 33

256 3792 311 3860 καί
335 3785 467 3860 τοῦδ’ι
456 3792 490 3861 ἐν
512 3794 577 3859 τοῖν
600 3791 877 3882 33333333333333
908 3788 1061 3883 ὑπῆρξεν.
1088 3789 1182 3863 Ου’τω
1208 3793 1268 3878 μὲν
1294 3783 1382 3863 οόνό

255 3888 565 4019 Αριστόβουλος
587 3898 711 3986 είρηκε,
732 3895 787 3962 καὶ
807 3920 847 3963 το
838 3889 1058 3984 επίμραμμα
1077 3898 1116 3964 δ
1116 3887 1384 4023 ἆπομνημονεόει

255 4001 370 4068 τοῦτο·
383 3988 648 4088 Ωόίνθρωπε,
671 3993 744 4086 3333
763 4000 893 4089 Κυρος
914 3994 1058 4085 ειμλ
1039 4024 1149 4091 οτην
1169 4026 1291 4092 αρχην
1310 4004 1386 4078 τοις
1423 4015 1425 4020 “

256 4102 434 4193 Πέρσαις
462 4094 712 4192 κτησόμενος
738 4101 804 4168 ’καλ
832 4102 904 4192 τῆς
928 4092 1068 4180 Ἀσίας
1093 4097 1305 4216 βασιλεύς.
1327 4096 1386 4195 Μῆ

256 4196 323 4300 οόν
344 4199 552 4297 φθονήσῃς
572 4230 640 4292 μοι
659 4206 731 4273 τοῦ
748 4196 961 4297 μνήματος.

265 4314 451 4382 Νεοῑιίυυ
477 4314 619 4399 excerpti
644 4313 688 4377 ila
708 4310 777 4395 jam
809 4325 948 4400 purgata
971 4313 1095 4380 mendis
1122 4314 1251 4382 videtur
1274 4280 1394 4397 Ιοοίίο,

256 4420 336 4508 quin
365 4420 420 4485 hie
438 4431 560 4506 etque
572 4419 642 4483 illie
669 4417 891 4484 emendatione
918 4432 1024 4507 egeat.
1063 4421 1151 4505 Quid
1175 4433 1282 4511 εεοίο,
1304 4423 1392 4513 quid

255 4547 346 4591 secus
368 4526 465 4592 scribi
484 4545 650 4616 censeam,
675 4523 825 4611 deinceps
847 4526 976 4593 notabo.
1011 4527 1054 4593 Ut
1074 4529 1176 4616 igitur
1197 4531 1326 4597 mittam
1346 4532 1399 4598 le-.

256 4634 358 4713 viora,
388 4632 477 4699 nolui
504 4654 578 4698 cum
599 4630 807 4700 Schmiedere
833 4644 867 4699 et
890 4632 1060 4722 Kmegero
1086 4657 1117 4707 τ.
1143 4638 1183 4701 17
1206 4658 1394 4727 expungere
