<?xml version="1.0" encoding="UTF-8"?>
<!DOCTYPE html PUBLIC "-//W3C//DTD XHTML 1.0 Transitional//EN"
    "http://www.w3.org/TR/xhtml1/DTD/xhtml1-transitional.dtd">
<html xmlns="http://www.w3.org/1999/xhtml" xml:lang="en" lang="en">
 <head>
  <title>
</title>
<meta http-equiv="Content-Type" content="text/html;charset=utf-8" />
  <meta name='ocr-system' content='tesseract 3.04.00' />
  <meta name='ocr-capabilities' content='ocr_page ocr_carea ocr_par ocr_line ocrx_word'/>
</head>
<body>
  <div class='ocr_page' id='page_1' title='image "./ptolemaeieordae00ptolgoog/ptolemaeieordae00ptolgoog_0164.png"; bbox 0 0 3300 5600; ppageno 0'>
   <div class='ocr_carea' id='block_1_1' title="bbox 789 608 852 670">
    <p class='ocr_par' dir='ltr' id='par_1_1' title="bbox 789 608 852 670">
     <span class='ocr_line' id='line_1_1' title="bbox 789 608 852 670; baseline 0.032 -2"><span class='ocrx_word' id='word_1_1' title='bbox 789 608 852 670; x_wconf 74' lang='lat'><strong>140</strong></span> 
     </span>
    </p>
   </div>
   <div class='ocr_carea' id='block_1_2' title="bbox 173 776 1413 3112">
    <p class='ocr_par' dir='ltr' id='par_1_2' title="bbox 173 776 1413 3112">
     <span class='ocr_line' id='line_1_2' title="bbox 256 776 1369 866; baseline -0.001 -23"><span class='ocrx_word' id='word_1_2' title='bbox 256 779 297 843; x_wconf 90' lang='lat' dir='ltr'><strong>ad</strong></span> <span class='ocrx_word' id='word_1_3' title='bbox 322 790 446 845; x_wconf 90' lang='lat' dir='ltr'><strong>certum</strong></span> <span class='ocrx_word' id='word_1_4' title='bbox 474 789 600 864; x_wconf 88' lang='lat' dir='ltr'><strong>tempus</strong></span> <span class='ocrx_word' id='word_1_5' title='bbox 629 779 731 865; x_wconf 83' lang='lat' dir='ltr'>redigi</span> <span class='ocrx_word' id='word_1_6' title='bbox 759 789 939 866; x_wconf 80' lang='lat' dir='ltr'><strong>nequeant,</strong></span> <span class='ocrx_word' id='word_1_7' title='bbox 974 777 1035 843; x_wconf 92' lang='lat' dir='ltr'><strong>hac</strong></span> <span class='ocrx_word' id='word_1_8' title='bbox 1063 779 1131 864; x_wconf 88' lang='lat' dir='ltr'><strong>ipsa</strong></span> <span class='ocrx_word' id='word_1_9' title='bbox 1159 776 1200 841; x_wconf 92' lang='lat' dir='ltr'><strong>de</strong></span> <span class='ocrx_word' id='word_1_10' title='bbox 1226 799 1313 842; x_wconf 88' lang='lat' dir='ltr'><strong>causa</strong></span> <span class='ocrx_word' id='word_1_11' title='bbox 1334 779 1369 842; x_wconf 90' lang='lat' dir='ltr'><strong>ad</strong></span> 
     </span>
     <span class='ocr_line' id='line_1_3' title="bbox 257 882 1368 972; baseline -0.003 -22"><span class='ocrx_word' id='word_1_12' title='bbox 257 887 361 972; x_wconf 90' lang='lat' dir='ltr'><strong>operis</strong></span> <span class='ocrx_word' id='word_1_13' title='bbox 379 886 597 950; x_wconf 82' lang='lat' dir='ltr'><strong>oeconomiam</strong></span> <span class='ocrx_word' id='word_1_14' title='bbox 614 884 867 972; x_wconf 86' lang='lat' dir='ltr'><strong>cognoscendam</strong></span> <span class='ocrx_word' id='word_1_15' title='bbox 886 906 1019 971; x_wconf 90' lang='lat' dir='ltr'><strong>parum,</strong></span> <span class='ocrx_word' id='word_1_16' title='bbox 1038 905 1078 948; x_wconf 92' lang='lat' dir='ltr'><strong>ne</strong></span> <span class='ocrx_word' id='word_1_17' title='bbox 1095 882 1201 949; x_wconf 91' lang='lat' dir='ltr'><strong>dicam</strong></span> <span class='ocrx_word' id='word_1_18' title='bbox 1216 883 1295 948; x_wconf 92' lang='lat' dir='ltr'><strong>nihil</strong></span> <span class='ocrx_word' id='word_1_19' title='bbox 1306 902 1368 948; x_wconf 89' lang='lat' dir='ltr'><strong>con-</strong></span> 
     </span>
     <span class='ocr_line' id='line_1_4' title="bbox 256 974 1369 1077; baseline -0.001 -22"><span class='ocrx_word' id='word_1_20' title='bbox 256 992 375 1058; x_wconf 84' lang='lat' dir='ltr'><strong>lernnt.</strong></span> <span class='ocrx_word' id='word_1_21' title='bbox 407 974 565 1074; x_wconf 72' lang='lat' dir='ltr'><strong>Quoniam</strong></span> <span class='ocrx_word' id='word_1_22' title='bbox 586 1013 660 1056; x_wconf 83' lang='lat' dir='ltr'><strong>vero</strong></span> <span class='ocrx_word' id='word_1_23' title='bbox 676 991 804 1057; x_wconf 84' lang='lat' dir='ltr'><strong>decimo</strong></span> <span class='ocrx_word' id='word_1_24' title='bbox 823 991 908 1056; x_wconf 90' lang='lat' dir='ltr'><strong>lihro</strong></span> <span class='ocrx_word' id='word_1_25' title='bbox 929 991 1097 1059; x_wconf 79' lang='lat' dir='ltr'>Charetem</span> <span class='ocrx_word' id='word_1_26' title='bbox 1118 1001 1251 1077; x_wconf 89' lang='lat' dir='ltr'><strong>apparet</strong></span> <span class='ocrx_word' id='word_1_27' title='bbox 1268 989 1306 1054; x_wconf 94' lang='lat' dir='ltr'><strong>de</strong></span> <span class='ocrx_word' id='word_1_28' title='bbox 1319 1010 1369 1054; x_wconf 92' lang='lat' dir='ltr'><strong>nu·</strong></span> 
     </span>
     <span class='ocr_line' id='line_1_5' title="bbox 256 1080 1367 1186; baseline -0.004 -24"><span class='ocrx_word' id='word_1_29' title='bbox 256 1099 330 1185; x_wconf 91' lang='lat' dir='ltr'><strong>ptiis</strong></span> <span class='ocrx_word' id='word_1_30' title='bbox 353 1099 475 1184; x_wconf 79' lang='lat' dir='ltr'><strong>egisse,</strong></span> <span class='ocrx_word' id='word_1_31' title='bbox 499 1118 578 1186; x_wconf 88' lang='lat' dir='ltr'><strong>quas</strong></span> <span class='ocrx_word' id='word_1_32' title='bbox 606 1109 638 1162; x_wconf 92' lang='lat' dir='ltr'><strong>et</strong></span> <span class='ocrx_word' id='word_1_33' title='bbox 657 1121 729 1164; x_wconf 92' lang='lat' dir='ltr'><strong>suas</strong></span> <span class='ocrx_word' id='word_1_34' title='bbox 751 1109 783 1162; x_wconf 90' lang='lat' dir='ltr'><strong>et</strong></span> <span class='ocrx_word' id='word_1_35' title='bbox 807 1098 901 1163; x_wconf 94' lang='lat' dir='ltr'><strong>simul</strong></span> <span class='ocrx_word' id='word_1_36' title='bbox 924 1098 1100 1163; x_wconf 89' lang='lat' dir='ltr'><strong>amicorum</strong></span> <span class='ocrx_word' id='word_1_37' title='bbox 1119 1096 1296 1183; x_wconf 90' lang='lat' dir='ltr'><strong>plurimas,</strong></span> <span class='ocrx_word' id='word_1_38' title='bbox 1316 1080 1367 1160; x_wconf 84' lang='lat' dir='ltr'><strong>uno</strong></span> 
     </span>
     <span class='ocr_line' id='line_1_6' title="bbox 255 1199 1367 1287; baseline -0.002 -21"><span class='ocrx_word' id='word_1_39' title='bbox 255 1205 325 1283; x_wconf 77' lang='lat' dir='ltr'><strong>fere</strong></span> <span class='ocrx_word' id='word_1_40' title='bbox 352 1215 426 1268; x_wconf 90' lang='lat' dir='ltr'><strong>ante</strong></span> <span class='ocrx_word' id='word_1_41' title='bbox 450 1204 573 1269; x_wconf 87' lang='lat' dir='ltr'><strong>obitum</strong></span> <span class='ocrx_word' id='word_1_42' title='bbox 601 1227 703 1284; x_wconf 92' lang='lat' dir='ltr'><strong>anno,</strong></span> <span class='ocrx_word' id='word_1_43' title='bbox 735 1203 914 1269; x_wconf 80' lang='lat' dir='ltr'>Alexander</span> <span class='ocrx_word' id='word_1_44' title='bbox 940 1203 1026 1268; x_wconf 89' lang='lat' dir='ltr'><strong>Susis</strong></span> <span class='ocrx_word' id='word_1_45' title='bbox 1052 1199 1285 1287; x_wconf 82' lang='lat' dir='ltr'><strong>celebrarit¹);</strong></span> <span class='ocrx_word' id='word_1_46' title='bbox 1309 1201 1367 1266; x_wconf 89' lang='lat' dir='ltr'><strong>hinc</strong></span> 
     </span>
     <span class='ocr_line' id='line_1_7' title="bbox 257 1308 1367 1401; baseline -0.005 -26"><span class='ocrx_word' id='word_1_47' title='bbox 257 1308 389 1396; x_wconf 89' lang='lat' dir='ltr'><strong>quidem</strong></span> <span class='ocrx_word' id='word_1_48' title='bbox 406 1310 480 1374; x_wconf 91' lang='lat' dir='ltr'><strong>satis</strong></span> <span class='ocrx_word' id='word_1_49' title='bbox 497 1308 589 1375; x_wconf 90' lang='lat' dir='ltr'><strong>lirmo</strong></span> <span class='ocrx_word' id='word_1_50' title='bbox 605 1312 706 1397; x_wconf 89' lang='lat' dir='ltr'><strong>petito</strong></span> <span class='ocrx_word' id='word_1_51' title='bbox 723 1322 912 1401; x_wconf 77' lang='lat' dir='ltr'><strong>argumento</strong></span> <span class='ocrx_word' id='word_1_52' title='bbox 929 1309 1015 1375; x_wconf 83' lang='lat' dir='ltr'><strong>hau&#39;d</strong></span> <span class='ocrx_word' id='word_1_53' title='bbox 1031 1310 1098 1374; x_wconf 92' lang='lat' dir='ltr'><strong>scio</strong></span> <span class='ocrx_word' id='word_1_54' title='bbox 1115 1331 1155 1374; x_wconf 88' lang='lat' dir='ltr'><strong>an</strong></span> <span class='ocrx_word' id='word_1_55' title='bbox 1174 1320 1264 1374; x_wconf 90' lang='lat' dir='ltr'><strong>recte</strong></span> <span class='ocrx_word' id='word_1_56' title='bbox 1282 1308 1367 1373; x_wconf 87' lang='lat' dir='ltr'><strong>Histo·</strong></span> 
     </span>
     <span class='ocr_line' id='line_1_8' title="bbox 257 1414 1366 1503; baseline 0.001 -25"><span class='ocrx_word' id='word_1_57' title='bbox 257 1415 318 1479; x_wconf 92' lang='lat' dir='ltr'><strong>rias</strong></span> <span class='ocrx_word' id='word_1_58' title='bbox 334 1414 476 1483; x_wconf 89' lang='lat' dir='ltr'><strong>Charetis</strong></span> <span class='ocrx_word' id='word_1_59' title='bbox 491 1417 525 1479; x_wconf 94' lang='lat' dir='ltr'><strong>in</strong></span> <span class='ocrx_word' id='word_1_60' title='bbox 541 1415 669 1496; x_wconf 83' lang='lat' dir='ltr'><strong>decern,</strong></span> <span class='ocrx_word' id='word_1_61' title='bbox 687 1434 748 1482; x_wconf 88' lang='lat' dir='ltr'><strong>nec</strong></span> <span class='ocrx_word' id='word_1_62' title='bbox 762 1418 871 1503; x_wconf 91' lang='lat' dir='ltr'><strong>plures</strong></span> <span class='ocrx_word' id='word_1_63' title='bbox 885 1415 984 1481; x_wconf 91' lang='lat' dir='ltr'><strong>libros</strong></span> <span class='ocrx_word' id='word_1_64' title='bbox 997 1414 1111 1481; x_wconf 84' lang='lat' dir='ltr'><strong>divisas</strong></span> <span class='ocrx_word' id='word_1_65' title='bbox 1125 1414 1223 1479; x_wconf 87' lang='lat' dir='ltr'><strong>fuisse</strong></span> <span class='ocrx_word' id='word_1_66' title='bbox 1240 1424 1366 1479; x_wconf 87' lang='lat' dir='ltr'><strong>statuam.</strong></span> 
     </span>
     <span class='ocr_line' id='line_1_9' title="bbox 300 1512 1413 1610; baseline -0.002 -25"><span class='ocrx_word' id='word_1_67' title='bbox 300 1522 340 1585; x_wconf 86' lang='lat' dir='ltr'><strong>ln</strong></span> <span class='ocrx_word' id='word_1_68' title='bbox 358 1542 466 1587; x_wconf 92' lang='lat' dir='ltr'><strong>rerum</strong></span> <span class='ocrx_word' id='word_1_69' title='bbox 486 1522 659 1588; x_wconf 76' lang='lat' dir='ltr'><strong>Alexandri</strong></span> <span class='ocrx_word' id='word_1_70' title='bbox 678 1521 893 1610; x_wconf 75' lang='lat' dir='ltr'><strong>descriptione</strong></span> <span class='ocrx_word' id='word_1_71' title='bbox 915 1543 997 1609; x_wconf 90' lang='lat' dir='ltr'><strong>quae</strong></span> <span class='ocrx_word' id='word_1_72' title='bbox 1021 1521 1142 1585; x_wconf 91' lang='lat' dir='ltr'><strong>fuerint</strong></span> <span class='ocrx_word' id='word_1_73' title='bbox 1163 1519 1291 1587; x_wconf 88' lang='lat' dir='ltr'><strong>Chareti</strong></span> <span class='ocrx_word' id='word_1_74' title='bbox 1309 1540 1368 1604; x_wconf 86' lang='lat' dir='ltr'><strong>pro·</strong></span> <span class='ocrx_word' id='word_1_75' title='bbox 1410 1512 1413 1601; x_wconf 78' lang='lat' dir='ltr'><strong>l</strong></span> 
     </span>
     <span class='ocr_line' id='line_1_10' title="bbox 243 1625 1368 1717; baseline -0.002 -26"><span class='ocrx_word' id='word_1_76' title='bbox 243 1627 325 1717; x_wconf 81' lang='lat' dir='ltr'><strong>&#39;pria</strong></span> <span class='ocrx_word' id='word_1_77' title='bbox 341 1628 475 1709; x_wconf 90' lang='lat' dir='ltr'><strong>merita,</strong></span> <span class='ocrx_word' id='word_1_78' title='bbox 492 1650 566 1694; x_wconf 90' lang='lat' dir='ltr'><strong>sane</strong></span> <span class='ocrx_word' id='word_1_79' title='bbox 583 1649 680 1716; x_wconf 89' lang='lat' dir='ltr'><strong>quam</strong></span> <span class='ocrx_word' id='word_1_80' title='bbox 694 1628 799 1694; x_wconf 88' lang='lat' dir='ltr'><strong>densis</strong></span> <span class='ocrx_word' id='word_1_81' title='bbox 814 1641 861 1695; x_wconf 88' lang='lat' dir='ltr'><strong>est</strong></span> <span class='ocrx_word' id='word_1_82' title='bbox 872 1629 1011 1693; x_wconf 85' lang='lat' dir='ltr'><strong>tenebris</strong></span> <span class='ocrx_word' id='word_1_83' title='bbox 1024 1627 1226 1694; x_wconf 80' lang='lat' dir='ltr'><strong>obvolutum.</strong></span> <span class='ocrx_word' id='word_1_84' title='bbox 1250 1625 1368 1691; x_wconf 90' lang='lat' dir='ltr'><strong>Omnino</strong></span> 
     </span>
     <span class='ocr_line' id='line_1_11' title="bbox 257 1731 1369 1823; baseline 0.002 -28"><span class='ocrx_word' id='word_1_85' title='bbox 257 1731 405 1799; x_wconf 89' lang='lat' dir='ltr'><strong>ridentur</strong></span> <span class='ocrx_word' id='word_1_86' title='bbox 425 1735 585 1800; x_wconf 77' lang='lat' dir='ltr'><strong>Historiae</strong></span> <span class='ocrx_word' id='word_1_87' title='bbox 615 1735 758 1802; x_wconf 90' lang='lat' dir='ltr'><strong>Charetis</strong></span> <span class='ocrx_word' id='word_1_88' title='bbox 784 1735 953 1823; x_wconf 91' lang='lat' dir='ltr'><strong>perspicua</strong></span> <span class='ocrx_word' id='word_1_89' title='bbox 979 1733 1111 1822; x_wconf 90' lang='lat' dir='ltr'><strong>quidem</strong></span> <span class='ocrx_word' id='word_1_90' title='bbox 1138 1745 1170 1799; x_wconf 90' lang='lat' dir='ltr'><strong>et</strong></span> <span class='ocrx_word' id='word_1_91' title='bbox 1195 1734 1299 1798; x_wconf 89' lang='lat' dir='ltr'><strong>natira</strong></span> <span class='ocrx_word' id='word_1_92' title='bbox 1313 1753 1369 1797; x_wconf 90' lang='lat' dir='ltr'><strong>ora·</strong></span> 
     </span>
     <span class='ocr_line' id='line_1_12' title="bbox 256 1839 1413 1929; baseline 0.002 -26"><span class='ocrx_word' id='word_1_93' title='bbox 256 1839 343 1904; x_wconf 90' lang='lat' dir='ltr'><strong>tione</strong></span> <span class='ocrx_word' id='word_1_94' title='bbox 360 1840 459 1905; x_wconf 89' lang='lat' dir='ltr'><strong>fuisse</strong></span> <span class='ocrx_word' id='word_1_95' title='bbox 477 1842 693 1928; x_wconf 78' lang='lat' dir='ltr'><strong>perscriptae,</strong></span> <span class='ocrx_word' id='word_1_96' title='bbox 717 1841 773 1906; x_wconf 89' lang='lat' dir='ltr'><strong>sed</strong></span> <span class='ocrx_word' id='word_1_97' title='bbox 793 1842 827 1906; x_wconf 89' lang='lat' dir='ltr'><strong>in</strong></span> <span class='ocrx_word' id='word_1_98' title='bbox 850 1841 1017 1927; x_wconf 87' lang='lat' dir='ltr'><strong>plurimis,</strong></span> <span class='ocrx_word' id='word_1_99' title='bbox 1041 1861 1125 1929; x_wconf 88' lang='lat' dir='ltr'><strong>quae</strong></span> <span class='ocrx_word' id='word_1_100' title='bbox 1145 1840 1222 1906; x_wconf 91' lang='lat' dir='ltr'><strong>olim</strong></span> <span class='ocrx_word' id='word_1_101' title='bbox 1239 1839 1371 1905; x_wconf 79' lang='lat' dir='ltr'><strong>fereban-</strong></span> <span class='ocrx_word' id='word_1_102' title='bbox 1411 1918 1413 1923; x_wconf 21' lang='grc' dir='ltr'>Ι</span> 
     </span>
     <span class='ocr_line' id='line_1_13' title="bbox 173 1945 1368 2034; baseline -0.002 -25"><span class='ocrx_word' id='word_1_103' title='bbox 173 1998 174 2001; x_wconf 63' lang='lat'><strong>,</strong></span> <span class='ocrx_word' id='word_1_104' title='bbox 257 1957 328 2026; x_wconf 89' lang='lat' dir='ltr'><strong>tur,</strong></span> <span class='ocrx_word' id='word_1_105' title='bbox 359 1945 401 2010; x_wconf 90' lang='lat' dir='ltr'><strong>de</strong></span> <span class='ocrx_word' id='word_1_106' title='bbox 424 1947 605 2014; x_wconf 82' lang='lat' dir='ltr'><strong>Alexandro</strong></span> <span class='ocrx_word' id='word_1_107' title='bbox 631 1949 886 2029; x_wconf 89' lang='lat' dir='ltr'><strong>commentariis,</strong></span> <span class='ocrx_word' id='word_1_108' title='bbox 911 1947 1106 2034; x_wconf 88' lang='lat' dir='ltr'><strong>paucissimis</strong></span> <span class='ocrx_word' id='word_1_109' title='bbox 1128 1946 1242 2014; x_wconf 88' lang='lat' dir='ltr'><strong>lectae.</strong></span> <span class='ocrx_word' id='word_1_110' title='bbox 1276 1945 1368 2021; x_wconf 89' lang='lat' dir='ltr'><strong>Certe,</strong></span> 
     </span>
     <span class='ocr_line' id='line_1_14' title="bbox 255 2049 1369 2141; baseline -0.004 -25"><span class='ocrx_word' id='word_1_111' title='bbox 255 2063 479 2140; x_wconf 76' lang='lat' dir='ltr'><strong>praeterquam</strong></span> <span class='ocrx_word' id='word_1_112' title='bbox 499 2053 682 2135; x_wconf 78' lang='lat' dir='ltr'><strong>Athenaeo,</strong></span> <span class='ocrx_word' id='word_1_113' title='bbox 704 2077 744 2120; x_wconf 86' lang='lat' dir='ltr'><strong>ex</strong></span> <span class='ocrx_word' id='word_1_114' title='bbox 762 2055 909 2120; x_wconf 89' lang='lat' dir='ltr'><strong>omnihus</strong></span> <span class='ocrx_word' id='word_1_115' title='bbox 925 2053 1200 2141; x_wconf 91' lang='lat' dir='ltr'><strong>scriptoribusuni</strong></span> <span class='ocrx_word' id='word_1_116' title='bbox 1214 2049 1369 2118; x_wconf 85' lang='lat' dir='ltr'><strong>Plutarcho</strong></span> 
     </span>
     <span class='ocr_line' id='line_1_15' title="bbox 256 2154 1370 2248; baseline -0.004 -26"><span class='ocrx_word' id='word_1_117' title='bbox 256 2160 301 2223; x_wconf 91' lang='lat' dir='ltr'><strong>ita</strong></span> <span class='ocrx_word' id='word_1_118' title='bbox 317 2157 499 2239; x_wconf 87' lang='lat' dir='ltr'><strong>laudantur,</strong></span> <span class='ocrx_word' id='word_1_119' title='bbox 521 2172 556 2225; x_wconf 90' lang='lat' dir='ltr'><strong>ut</strong></span> <span class='ocrx_word' id='word_1_120' title='bbox 573 2182 625 2225; x_wconf 89' lang='lat' dir='ltr'><strong>eas</strong></span> <span class='ocrx_word' id='word_1_121' title='bbox 644 2162 724 2248; x_wconf 91' lang='lat' dir='ltr'><strong>quin</strong></span> <span class='ocrx_word' id='word_1_122' title='bbox 742 2160 858 2247; x_wconf 84' lang='lat' dir='ltr'><strong>legerit</strong></span> <span class='ocrx_word' id='word_1_123' title='bbox 878 2162 929 2225; x_wconf 82' lang='lat' dir='ltr'><strong>rix</strong></span> <span class='ocrx_word' id='word_1_124' title='bbox 945 2162 986 2225; x_wconf 88' lang='lat' dir='ltr'><strong>sit</strong></span> <span class='ocrx_word' id='word_1_125' title='bbox 1007 2159 1158 2240; x_wconf 91' lang='lat' dir='ltr'><strong>dubium;</strong></span> <span class='ocrx_word' id='word_1_126' title='bbox 1183 2159 1337 2236; x_wconf 86' lang='lat' dir='ltr'><strong>Plinium,</strong></span> <span class='ocrx_word' id='word_1_127' title='bbox 1352 2154 1370 2218; x_wconf 92' lang='lat' dir='ltr'><strong>si</strong></span> 
     </span>
     <span class='ocr_line' id='line_1_16' title="bbox 255 2259 1369 2354; baseline -0.004 -26"><span class='ocrx_word' id='word_1_128' title='bbox 255 2266 301 2329; x_wconf 91' lang='lat' dir='ltr'><strong>ita</strong></span> <span class='ocrx_word' id='word_1_129' title='bbox 321 2267 446 2351; x_wconf 90' lang='lat' dir='ltr'><strong>placet,</strong></span> <span class='ocrx_word' id='word_1_130' title='bbox 458 2265 562 2338; x_wconf 87' lang='lat' dir='ltr'><strong>adda:</strong></span> <span class='ocrx_word' id='word_1_131' title='bbox 575 2289 648 2332; x_wconf 88' lang='lat' dir='ltr'><strong>narn</strong></span> <span class='ocrx_word' id='word_1_132' title='bbox 663 2267 804 2334; x_wconf 90' lang='lat' dir='ltr'><strong>Gellium</strong></span> <span class='ocrx_word' id='word_1_133' title='bbox 815 2266 894 2354; x_wconf 92' lang='lat' dir='ltr'><strong>quid</strong></span> <span class='ocrx_word' id='word_1_134' title='bbox 905 2289 1096 2351; x_wconf 83' lang='lat' dir='ltr'><strong>memorem,</strong></span> <span class='ocrx_word' id='word_1_135' title='bbox 1122 2265 1177 2352; x_wconf 92' lang='lat' dir='ltr'><strong>qui</strong></span> <span class='ocrx_word' id='word_1_136' title='bbox 1189 2287 1247 2330; x_wconf 90' lang='lat' dir='ltr'><strong>sna</strong></span> <span class='ocrx_word' id='word_1_137' title='bbox 1257 2259 1369 2329; x_wconf 88' lang='lat' dir='ltr'><strong>aliunde</strong></span> 
     </span>
     <span class='ocr_line' id='line_1_17' title="bbox 256 2367 1370 2463; baseline -0.003 -28"><span class='ocrx_word' id='word_1_138' title='bbox 256 2369 377 2452; x_wconf 90' lang='lat' dir='ltr'><strong>hausit,</strong></span> <span class='ocrx_word' id='word_1_139' title='bbox 403 2373 472 2459; x_wconf 93' lang='lat' dir='ltr'><strong>ipse</strong></span> <span class='ocrx_word' id='word_1_140' title='bbox 497 2373 650 2438; x_wconf 85' lang='lat' dir='ltr'><strong>Historias</strong></span> <span class='ocrx_word' id='word_1_141' title='bbox 674 2374 815 2440; x_wconf 87' lang='lat' dir='ltr'><strong>Charetis</strong></span> <span class='ocrx_word' id='word_1_142' title='bbox 839 2397 903 2439; x_wconf 94' lang='lat' dir='ltr'><strong>non</strong></span> <span class='ocrx_word' id='word_1_143' title='bbox 917 2374 1053 2463; x_wconf 84' lang='lat' dir='ltr'><strong>inspexit</strong></span> <span class='ocrx_word' id='word_1_144' title='bbox 1063 2371 1117 2459; x_wconf 76' lang='lat' dir='ltr'><strong>²)l</strong></span> <span class='ocrx_word' id='word_1_145' title='bbox 1140 2373 1179 2437; x_wconf 92' lang='lat' dir='ltr'><strong>In</strong></span> <span class='ocrx_word' id='word_1_146' title='bbox 1198 2367 1370 2436; x_wconf 89' lang='lat' dir='ltr'><strong>recentiori-</strong></span> 
     </span>
     <span class='ocr_line' id='line_1_18' title="bbox 223 2474 1369 2571; baseline -0.003 -30"><span class='ocrx_word' id='word_1_147' title='bbox 223 2566 225 2571; x_wconf 23' lang='grc' dir='ltr'>Ι</span> <span class='ocrx_word' id='word_1_148' title='bbox 256 2474 317 2541; x_wconf 88' lang='lat' dir='ltr'><strong>hus</strong></span> <span class='ocrx_word' id='word_1_149' title='bbox 345 2487 452 2542; x_wconf 92' lang='lat' dir='ltr'><strong>autem</strong></span> <span class='ocrx_word' id='word_1_150' title='bbox 478 2478 540 2544; x_wconf 94' lang='lat' dir='ltr'><strong>hoc</strong></span> <span class='ocrx_word' id='word_1_151' title='bbox 564 2479 639 2545; x_wconf 88' lang='lat' dir='ltr'><strong>tulit</strong></span> <span class='ocrx_word' id='word_1_152' title='bbox 666 2479 706 2545; x_wconf 90' lang='lat' dir='ltr'><strong>de</strong></span> <span class='ocrx_word' id='word_1_153' title='bbox 722 2480 857 2546; x_wconf 85' lang='lat' dir='ltr'><strong>Charete</strong></span> <span class='ocrx_word' id='word_1_154' title='bbox 882 2480 1039 2566; x_wconf 88' lang='lat' dir='ltr'><strong>judicium</strong></span> <span class='ocrx_word' id='word_1_155' title='bbox 1063 2477 1325 2555; x_wconf 86' lang='lat' dir='ltr'><strong>Sanctecrucius,</strong></span> <span class='ocrx_word' id='word_1_156' title='bbox 1345 2482 1369 2536; x_wconf 89' lang='lat' dir='ltr'><strong>ul</strong></span> 
     </span>
     <span class='ocr_line' id='line_1_19' title="bbox 257 2580 1413 2673; baseline -0.003 -27"><span class='ocrx_word' id='word_1_157' title='bbox 257 2604 366 2648; x_wconf 90' lang='lat' dir='ltr'><strong>rerum</strong></span> <span class='ocrx_word' id='word_1_158' title='bbox 381 2583 568 2650; x_wconf 75' lang='lat' dir='ltr'><strong>festinarunt</strong></span> <span class='ocrx_word' id='word_1_159' title='bbox 586 2597 618 2651; x_wconf 91' lang='lat' dir='ltr'><strong>et</strong></span> <span class='ocrx_word' id='word_1_160' title='bbox 633 2608 726 2673; x_wconf 91' lang='lat' dir='ltr'><strong>saepe</strong></span> <span class='ocrx_word' id='word_1_161' title='bbox 743 2586 885 2651; x_wconf 74' lang='lat' dir='ltr'><strong>sutilium</strong></span> <span class='ocrx_word' id='word_1_162' title='bbox 907 2587 1142 2666; x_wconf 87' lang='lat' dir='ltr'><strong>narratoribus,</strong></span> <span class='ocrx_word' id='word_1_163' title='bbox 1166 2605 1264 2671; x_wconf 90' lang='lat' dir='ltr'><strong>quarn</strong></span> <span class='ocrx_word' id='word_1_164' title='bbox 1291 2582 1371 2646; x_wconf 89' lang='lat' dir='ltr'><strong>histo·</strong></span> <span class='ocrx_word' id='word_1_165' title='bbox 1411 2580 1413 2587; x_wconf 87' lang='lat'>&#39;</span> 
     </span>
     <span class='ocr_line' id='line_1_20' title="bbox 257 2688 1413 2778; baseline -0.005 -26"><span class='ocrx_word' id='word_1_166' title='bbox 257 2689 420 2754; x_wconf 85' lang='lat' dir='ltr'><strong>ricis&#39;rere</strong></span> <span class='ocrx_word' id='word_1_167' title='bbox 435 2691 478 2756; x_wconf 88' lang='lat' dir='ltr'><strong>ita</strong></span> <span class='ocrx_word' id='word_1_168' title='bbox 501 2690 614 2773; x_wconf 88' lang='lat' dir='ltr'><strong>dictis,</strong></span> <span class='ocrx_word' id='word_1_169' title='bbox 639 2715 713 2758; x_wconf 91' lang='lat' dir='ltr'><strong>eum</strong></span> <span class='ocrx_word' id='word_1_170' title='bbox 726 2692 1043 2772; x_wconf 90' lang='lat' dir='ltr'><strong>adscriberemallet,</strong></span> <span class='ocrx_word' id='word_1_171' title='bbox 1065 2692 1238 2778; x_wconf 87' lang='lat' dir='ltr'><strong>respiciens</strong></span> <span class='ocrx_word' id='word_1_172' title='bbox 1256 2688 1370 2754; x_wconf 84' lang='lat' dir='ltr'><strong>maxima</strong></span> <span class='ocrx_word' id='word_1_173' title='bbox 1411 2698 1413 2709; x_wconf 91' lang='grc'><strong><em>·</em></strong></span> 
     </span>
     <span class='ocr_line' id='line_1_21' title="bbox 256 2792 1370 2883; baseline -0.003 -23"><span class='ocrx_word' id='word_1_174' title='bbox 256 2806 396 2863; x_wconf 78' lang='lat' dir='ltr'><strong>veterem</strong></span> <span class='ocrx_word' id='word_1_175' title='bbox 418 2797 511 2864; x_wconf 85' lang='lat' dir='ltr'><strong>illuns</strong></span> <span class='ocrx_word' id='word_1_176' title='bbox 532 2797 641 2883; x_wconf 75' lang='grc' dir='ltr'><strong><em>μῦθον</em></strong></span> <span class='ocrx_word' id='word_1_177' title='bbox 669 2801 856 2865; x_wconf 88' lang='lat' dir='ltr'><strong>orientalem</strong></span> <span class='ocrx_word' id='word_1_178' title='bbox 877 2798 917 2865; x_wconf 89' lang='lat' dir='ltr'><strong>de</strong></span> <span class='ocrx_word' id='word_1_179' title='bbox 941 2822 1048 2865; x_wconf 90' lang='lat' dir='ltr'><strong>amore</strong></span> <span class='ocrx_word' id='word_1_180' title='bbox 1068 2796 1227 2863; x_wconf 85' lang='lat' dir='ltr'><strong>Zariadris</strong></span> <span class='ocrx_word' id='word_1_181' title='bbox 1254 2810 1286 2861; x_wconf 89' lang='lat' dir='ltr'><strong>et</strong></span> <span class='ocrx_word' id='word_1_182' title='bbox 1301 2792 1370 2861; x_wconf 85' lang='lat' dir='ltr'><strong>Oda-</strong></span> 
     </span>
     <span class='ocr_line' id='line_1_22' title="bbox 257 2900 1370 2993; baseline -0.004 -25"><span class='ocrx_word' id='word_1_183' title='bbox 257 2900 350 2984; x_wconf 84' lang='lat' dir='ltr'><strong>tidis&#39;,</strong></span> <span class='ocrx_word' id='word_1_184' title='bbox 385 2925 482 2991; x_wconf 89' lang='lat' dir='ltr'><strong>quern</strong></span> <span class='ocrx_word' id='word_1_185' title='bbox 512 2928 550 2971; x_wconf 86' lang='lat' dir='ltr'><strong>ex</strong></span> <span class='ocrx_word' id='word_1_186' title='bbox 581 2904 715 2972; x_wconf 88' lang='lat' dir='ltr'><strong>Charete</strong></span> <span class='ocrx_word' id='word_1_187' title='bbox 741 2905 923 2971; x_wconf 82' lang='lat' dir='ltr'><strong>Athenaeus</strong></span> <span class='ocrx_word' id='word_1_188' title='bbox 955 2905 1129 2993; x_wconf 66' lang='lat' dir='ltr'><strong>repetiitt).</strong></span> <span class='ocrx_word' id='word_1_189' title='bbox 1160 2906 1198 2969; x_wconf 91' lang='lat' dir='ltr'><strong>In</strong></span> <span class='ocrx_word' id='word_1_190' title='bbox 1225 2925 1289 2990; x_wconf 91' lang='lat' dir='ltr'><strong>qua</strong></span> <span class='ocrx_word' id='word_1_191' title='bbox 1306 2902 1370 2965; x_wconf 87' lang='lat' dir='ltr'><strong>San·</strong></span> 
     </span>
     <span class='ocr_line' id='line_1_23' title="bbox 257 3010 1413 3112; baseline -0.005 -39"><span class='ocrx_word' id='word_1_192' title='bbox 257 3012 412 3076; x_wconf 89' lang='lat' dir='ltr'><strong>ctocrucii</strong></span> <span class='ocrx_word' id='word_1_193' title='bbox 443 3012 619 3091; x_wconf 87' lang='lat' dir='ltr'><strong>sententia,</strong></span> <span class='ocrx_word' id='word_1_194' title='bbox 653 3015 711 3076; x_wconf 89' lang='lat' dir='ltr'><strong>etsi</strong></span> <span class='ocrx_word' id='word_1_195' title='bbox 738 3013 804 3077; x_wconf 87' lang='lat' dir='ltr'><strong>reri</strong></span> <span class='ocrx_word' id='word_1_196' title='bbox 836 3013 1010 3098; x_wconf 92' lang='lat' dir='ltr'><strong>plurimum</strong></span> <span class='ocrx_word' id='word_1_197' title='bbox 1034 3011 1102 3097; x_wconf 86' lang='lat' dir='ltr'><strong>ejus</strong></span> <span class='ocrx_word' id='word_1_198' title='bbox 1128 3010 1255 3096; x_wconf 87' lang='lat' dir='ltr'><strong>judicio</strong></span> <span class='ocrx_word' id='word_1_199' title='bbox 1281 3010 1369 3078; x_wconf 83' lang='lat' dir='ltr'><strong>inest,</strong></span> <span class='ocrx_word' id='word_1_200' title='bbox 1411 3091 1413 3112; x_wconf 51' lang='grc' dir='ltr'>Ι</span> 
     </span>
    </p>
   </div>
   <div class='ocr_carea' id='block_1_3' title="bbox 256 3268 1413 4722">
    <p class='ocr_par' dir='ltr' id='par_1_3' title="bbox 291 3268 1168 3342">
     <span class='ocr_line' id='line_1_24' title="bbox 291 3268 1168 3342; baseline 0.006 -22"><span class='ocrx_word' id='word_1_201' title='bbox 291 3268 318 3335; x_wconf 89' lang='grc'><strong>1)</strong></span> <span class='ocrx_word' id='word_1_202' title='bbox 335 3272 434 3337; x_wconf 76' lang='lat' dir='ltr'><strong>Pragm.</strong></span> <span class='ocrx_word' id='word_1_203' title='bbox 450 3274 530 3325; x_wconf 81' lang='lat' dir='ltr'>xv11.</span> <span class='ocrx_word' id='word_1_204' title='bbox 547 3274 587 3323; x_wconf 87' lang='lat' dir='ltr'><strong>Ad</strong></span> <span class='ocrx_word' id='word_1_205' title='bbox 600 3275 711 3325; x_wconf 88' lang='lat' dir='ltr'><strong>eundem</strong></span> <span class='ocrx_word' id='word_1_206' title='bbox 725 3274 820 3325; x_wconf 88' lang='lat' dir='ltr'><strong>librum</strong></span> <span class='ocrx_word' id='word_1_207' title='bbox 838 3275 950 3342; x_wconf 87' lang='lat' dir='ltr'><strong>pertinet</strong></span> <span class='ocrx_word' id='word_1_208' title='bbox 963 3277 1060 3339; x_wconf 77' lang='lat' dir='ltr'><strong>Fragm.</strong></span> <span class='ocrx_word' id='word_1_209' title='bbox 1075 3275 1168 3325; x_wconf 84' lang='lat' dir='ltr'><strong>xvnt.</strong></span> 
     </span>
    </p>

    <p class='ocr_par' dir='ltr' id='par_1_4' title="bbox 256 3337 1373 3686">
     <span class='ocr_line' id='line_1_25' title="bbox 289 3337 1371 3427; baseline 0.005 -21"><span class='ocrx_word' id='word_1_210' title='bbox 289 3354 317 3423; x_wconf 77' lang='lat'><strong>2)</strong></span> <span class='ocrx_word' id='word_1_211' title='bbox 334 3343 589 3409; x_wconf 64' lang='lat' dir='ltr'><strong>llluminluctorum</strong></span> <span class='ocrx_word' id='word_1_212' title='bbox 596 3360 744 3426; x_wconf 78' lang='lat' dir='ltr'><strong>lodicibus,</strong></span> <span class='ocrx_word' id='word_1_213' title='bbox 756 3362 869 3425; x_wconf 79' lang='lat' dir='ltr'><strong>ntrulgo</strong></span> <span class='ocrx_word' id='word_1_214' title='bbox 879 3366 1012 3427; x_wconf 83' lang='lat' dir='ltr'><strong>vocantur,</strong></span> <span class='ocrx_word' id='word_1_215' title='bbox 1028 3337 1160 3411; x_wconf 79' lang='lat' dir='ltr'><strong>Charetem</strong></span> <span class='ocrx_word' id='word_1_216' title='bbox 1170 3358 1210 3408; x_wconf 87' lang='lat' dir='ltr'><strong>his</strong></span> <span class='ocrx_word' id='word_1_217' title='bbox 1222 3367 1371 3411; x_wconf 68' lang='lat' dir='ltr'><strong>memorant·</strong></span> 
     </span>
     <span class='ocr_line' id='line_1_26' title="bbox 256 3443 1372 3511; baseline -0.006 -18"><span class='ocrx_word' id='word_1_218' title='bbox 256 3443 332 3493; x_wconf 87' lang='lat' dir='ltr'><strong>modo</strong></span> <span class='ocrx_word' id='word_1_219' title='bbox 351 3444 483 3504; x_wconf 70' lang='lat' dir='ltr'><strong>dicebam</strong></span> <span class='ocrx_word' id='word_1_220' title='bbox 501 3445 544 3495; x_wconf 92' lang='lat' dir='ltr'><strong>hic</strong></span> <span class='ocrx_word' id='word_1_221' title='bbox 562 3462 622 3497; x_wconf 83' lang='lat' dir='ltr'><strong>vero</strong></span> <span class='ocrx_word' id='word_1_222' title='bbox 641 3447 711 3497; x_wconf 85' lang='lat' dir='ltr'><strong>unde</strong></span> <span class='ocrx_word' id='word_1_223' title='bbox 729 3448 842 3498; x_wconf 88' lang='lat' dir='ltr'><strong>Charetis</strong></span> <span class='ocrx_word' id='word_1_224' title='bbox 862 3448 982 3498; x_wconf 80' lang='lat' dir='ltr'><strong>Historias</strong></span> <span class='ocrx_word' id='word_1_225' title='bbox 997 3448 1146 3511; x_wconf 76' lang='lat' dir='ltr'><strong>cognovisse</strong></span> <span class='ocrx_word' id='word_1_226' title='bbox 1162 3445 1288 3508; x_wconf 83' lang='lat' dir='ltr'><strong>rideatur,</strong></span> <span class='ocrx_word' id='word_1_227' title='bbox 1302 3444 1372 3493; x_wconf 87' lang='lat' dir='ltr'><strong>osten·</strong></span> 
     </span>
     <span class='ocr_line' id='line_1_27' title="bbox 256 3528 1373 3600; baseline -0.008 -20"><span class='ocrx_word' id='word_1_228' title='bbox 256 3532 314 3581; x_wconf 89' lang='lat' dir='ltr'><strong>dam</strong></span> <span class='ocrx_word' id='word_1_229' title='bbox 331 3532 359 3581; x_wconf 92' lang='lat' dir='ltr'><strong>in</strong></span> <span class='ocrx_word' id='word_1_230' title='bbox 378 3533 542 3583; x_wconf 83' lang='lat' dir='ltr'><strong>annotatione</strong></span> <span class='ocrx_word' id='word_1_231' title='bbox 562 3535 593 3583; x_wconf 89' lang='lat' dir='ltr'><strong>ad</strong></span> <span class='ocrx_word' id='word_1_232' title='bbox 609 3535 705 3597; x_wconf 74' lang='lat' dir='ltr'><strong>Pragm.</strong></span> <span class='ocrx_word' id='word_1_233' title='bbox 725 3534 746 3584; x_wconf 88' lang='lat'><strong>1.</strong></span> <span class='ocrx_word' id='word_1_234' title='bbox 765 3535 899 3591; x_wconf 83' lang='lat' dir='ltr'><strong>Arrianum</strong></span> <span class='ocrx_word' id='word_1_235' title='bbox 918 3550 1020 3600; x_wconf 88' lang='lat' dir='ltr'><strong>quoquc</strong></span> <span class='ocrx_word' id='word_1_236' title='bbox 1038 3549 1069 3583; x_wconf 84' lang='lat' dir='ltr'><strong>ex</strong></span> <span class='ocrx_word' id='word_1_237' title='bbox 1086 3533 1200 3583; x_wconf 80' lang='lat' dir='ltr'><strong>Charetis</strong></span> <span class='ocrx_word' id='word_1_238' title='bbox 1217 3547 1293 3597; x_wconf 89' lang='lat' dir='ltr'><strong>opere</strong></span> <span class='ocrx_word' id='word_1_239' title='bbox 1309 3528 1373 3576; x_wconf 87' lang='lat' dir='ltr'><strong>inter-</strong></span> 
     </span>
     <span class='ocr_line' id='line_1_28' title="bbox 256 3614 1333 3686; baseline -0.002 -19"><span class='ocrx_word' id='word_1_240' title='bbox 256 3618 317 3667; x_wconf 89' lang='lat' dir='ltr'><strong>dum</strong></span> <span class='ocrx_word' id='word_1_241' title='bbox 335 3619 490 3683; x_wconf 82' lang='lat' dir='ltr'><strong>proiecisse,</strong></span> <span class='ocrx_word' id='word_1_242' title='bbox 508 3619 596 3683; x_wconf 73' lang='lat' dir='ltr'><strong>colligi</strong></span> <span class='ocrx_word' id='word_1_243' title='bbox 614 3621 693 3686; x_wconf 89' lang='lat' dir='ltr'><strong>possit</strong></span> <span class='ocrx_word' id='word_1_244' title='bbox 710 3637 740 3672; x_wconf 84' lang='lat' dir='ltr'><strong>ex</strong></span> <span class='ocrx_word' id='word_1_245' title='bbox 758 3622 800 3672; x_wconf 78' lang='grc' dir='ltr'><strong>Ν.</strong></span> <span class='ocrx_word' id='word_1_246' title='bbox 819 3619 862 3670; x_wconf 78' lang='lat'><strong>12.</strong></span> <span class='ocrx_word' id='word_1_247' title='bbox 881 3620 964 3671; x_wconf 77' lang='grc' dir='ltr'><strong>3-5.Ι</strong></span> <span class='ocrx_word' id='word_1_248' title='bbox 977 3621 1039 3669; x_wconf 88' lang='lat' dir='ltr'><strong>Vide</strong></span> <span class='ocrx_word' id='word_1_249' title='bbox 1057 3620 1124 3669; x_wconf 91' lang='lat' dir='ltr'><strong>inlra</strong></span> <span class='ocrx_word' id='word_1_250' title='bbox 1140 3619 1172 3667; x_wconf 85' lang='lat' dir='ltr'><strong>ad</strong></span> <span class='ocrx_word' id='word_1_251' title='bbox 1190 3620 1287 3682; x_wconf 73' lang='lat' dir='ltr'><strong>Pragm.</strong></span> <span class='ocrx_word' id='word_1_252' title='bbox 1304 3614 1333 3665; x_wconf 85' lang='lat' dir='ltr'><strong>X.</strong></span> 
     </span>
    </p>

    <p class='ocr_par' dir='ltr' id='par_1_5' title="bbox 257 3699 1413 4722">
     <span class='ocr_line' id='line_1_29' title="bbox 290 3699 1413 3771; baseline 0 -19"><span class='ocrx_word' id='word_1_253' title='bbox 290 3702 317 3768; x_wconf 82' lang='lat'><strong>3)</strong></span> <span class='ocrx_word' id='word_1_254' title='bbox 335 3706 434 3767; x_wconf 78' lang='lat' dir='ltr'><strong>Pragm.</strong></span> <span class='ocrx_word' id='word_1_255' title='bbox 455 3706 486 3756; x_wconf 78' lang='lat' dir='ltr'><strong>V.</strong></span> <span class='ocrx_word' id='word_1_256' title='bbox 505 3706 587 3771; x_wconf 86' lang='lat' dir='ltr'><strong>Ipsam</strong></span> <span class='ocrx_word' id='word_1_257' title='bbox 611 3708 751 3757; x_wconf 86' lang='lat' dir='ltr'><strong>adscribam</strong></span> <span class='ocrx_word' id='word_1_258' title='bbox 769 3708 941 3759; x_wconf 87' lang='lat' dir='ltr'><strong>Sanctocrucii</strong></span> <span class='ocrx_word' id='word_1_259' title='bbox 962 3708 1129 3769; x_wconf 85' lang='lat' dir='ltr'><strong>sententiam,</strong></span> <span class='ocrx_word' id='word_1_260' title='bbox 1150 3721 1226 3769; x_wconf 91' lang='lat' dir='ltr'><strong>quarn</strong></span> <span class='ocrx_word' id='word_1_261' title='bbox 1243 3699 1375 3770; x_wconf 73' lang='lat' dir='ltr'><strong>pronunl&#39;nl</strong></span> <span class='ocrx_word' id='word_1_262' title='bbox 1411 3751 1413 3765; x_wconf 40' lang='grc' dir='ltr'>Ι</span> 
     </span>
     <span class='ocr_line' id='line_1_30' title="bbox 257 3784 1375 3863; baseline -0.004 -25"><span class='ocrx_word' id='word_1_263' title='bbox 257 3806 283 3855; x_wconf 90' lang='lat' dir='ltr'><strong>p.</strong></span> <span class='ocrx_word' id='word_1_264' title='bbox 300 3787 335 3839; x_wconf 79' lang='lat'><strong>4⁰</strong></span> <span class='ocrx_word' id='word_1_265' title='bbox 353 3806 360 3839; x_wconf 76' lang='lat' dir='ltr'><strong>t</strong></span> <span class='ocrx_word' id='word_1_266' title='bbox 377 3792 505 3855; x_wconf 73' lang='lat' dir='ltr'><strong>apersit</strong></span> <span class='ocrx_word' id='word_1_267' title='bbox 517 3808 566 3857; x_wconf 83' lang='lat' dir='ltr'><strong>qne</strong></span> <span class='ocrx_word' id='word_1_268' title='bbox 585 3791 682 3842; x_wconf 72' lang='lat' dir='ltr'><strong>Charis</strong></span> <span class='ocrx_word' id='word_1_269' title='bbox 696 3795 769 3843; x_wconf 81' lang='lat' dir='ltr'><strong>coeit</strong></span> <span class='ocrx_word' id='word_1_270' title='bbox 781 3809 813 3842; x_wconf 80' lang='lat' dir='ltr'><strong>crs</strong></span> <span class='ocrx_word' id='word_1_271' title='bbox 830 3796 912 3842; x_wconf 60' lang='lat' dir='ltr'><strong>muns</strong></span> <span class='ocrx_word' id='word_1_272' title='bbox 923 3809 992 3858; x_wconf 82' lang='lat' dir='ltr'><strong>poor</strong></span> <span class='ocrx_word' id='word_1_273' title='bbox 1006 3793 1074 3863; x_wconf 79' lang='lat' dir='ltr'><strong>odjet</strong></span> <span class='ocrx_word' id='word_1_274' title='bbox 1085 3789 1254 3841; x_wconf 64' lang='lat' dir='ltr'><strong>d&#39;dcsdrsoos</strong></span> <span class='ocrx_word' id='word_1_275' title='bbox 1264 3784 1375 3839; x_wconf 68' lang='lat' dir='ltr'><strong>veritalis</strong></span> 
     </span>
     <span class='ocr_line' id='line_1_31' title="bbox 258 3874 1377 3943; baseline -0.002 -18"><span class='ocrx_word' id='word_1_276' title='bbox 258 3876 382 3941; x_wconf 78' lang='lat' dir='ltr'><strong>histoire,</strong></span> <span class='ocrx_word' id='word_1_277' title='bbox 401 3881 481 3942; x_wconf 81' lang='lat' dir='ltr'><strong>qu’uo</strong></span> <span class='ocrx_word' id='word_1_278' title='bbox 493 3880 584 3943; x_wconf 80' lang='lat' dir='ltr'><strong>simple</strong></span> <span class='ocrx_word' id='word_1_279' title='bbox 597 3880 698 3928; x_wconf 82' lang='lat' dir='ltr'><strong>rsceuil</strong></span> <span class='ocrx_word' id='word_1_280' title='bbox 708 3880 869 3929; x_wconf 80' lang='lat' dir='ltr'><strong>d’onecdotss</strong></span> <span class='ocrx_word' id='word_1_281' title='bbox 876 3897 887 3939; x_wconf 90' lang='lat'><strong>,·</strong></span> <span class='ocrx_word' id='word_1_282' title='bbox 910 3880 936 3927; x_wconf 79' lang='lat' dir='ltr'><strong>it</strong></span> <span class='ocrx_word' id='word_1_283' title='bbox 946 3881 1002 3928; x_wconf 79' lang='lat' dir='ltr'><strong>s’err</strong></span> <span class='ocrx_word' id='word_1_284' title='bbox 1017 3878 1082 3928; x_wconf 70' lang='lat' dir='ltr'><strong>dreit</strong></span> <span class='ocrx_word' id='word_1_285' title='bbox 1092 3874 1168 3927; x_wconf 73' lang='lat' dir='ltr'><strong>aalma</strong></span> <span class='ocrx_word' id='word_1_286' title='bbox 1180 3880 1279 3943; x_wconf 79' lang='lat' dir='ltr'><strong>perrois</strong></span> <span class='ocrx_word' id='word_1_287' title='bbox 1294 3876 1323 3925; x_wconf 80' lang='lat' dir='ltr'><strong>ds</strong></span> <span class='ocrx_word' id='word_1_288' title='bbox 1334 3876 1377 3941; x_wconf 76' lang='lat' dir='ltr'><strong>sort</strong></span> 
     </span>
     <span class='ocr_line' id='line_1_32' title="bbox 258 3959 1378 4033; baseline -0.003 -24"><span class='ocrx_word' id='word_1_289' title='bbox 258 3959 407 4029; x_wconf 67' lang='lat' dir='ltr'><strong>stronglres</strong></span> <span class='ocrx_word' id='word_1_290' title='bbox 424 3962 441 4011; x_wconf 80' lang='lat' dir='ltr'><strong>d</strong></span> <span class='ocrx_word' id='word_1_291' title='bbox 457 3980 503 4012; x_wconf 81' lang='lat' dir='ltr'><strong>son</strong></span> <span class='ocrx_word' id='word_1_292' title='bbox 521 3965 592 4033; x_wconf 75' lang='lat' dir='ltr'><strong>sajet</strong></span> <span class='ocrx_word' id='word_1_293' title='bbox 597 3982 609 4024; x_wconf 90' lang='lat'><strong>,·</strong></span> <span class='ocrx_word' id='word_1_294' title='bbox 623 3981 674 4030; x_wconf 85' lang='lat' dir='ltr'><strong>por</strong></span> <span class='ocrx_word' id='word_1_295' title='bbox 692 3967 819 4030; x_wconf 74' lang='lat' dir='ltr'><strong>coempta,</strong></span> <span class='ocrx_word' id='word_1_296' title='bbox 838 3966 915 4014; x_wconf 84' lang='lat' dir='ltr'><strong>celles</strong></span> <span class='ocrx_word' id='word_1_297' title='bbox 928 3981 975 4013; x_wconf 81' lang='lat' dir='ltr'><strong>sor</strong></span> <span class='ocrx_word' id='word_1_298' title='bbox 985 3966 1022 4013; x_wconf 87' lang='lat' dir='ltr'><strong>les</strong></span> <span class='ocrx_word' id='word_1_299' title='bbox 1041 3980 1143 4013; x_wconf 83' lang='lat' dir='ltr'><strong>omoors</strong></span> <span class='ocrx_word' id='word_1_300' title='bbox 1156 3963 1187 4013; x_wconf 83' lang='lat' dir='ltr'><strong>de</strong></span> <span class='ocrx_word' id='word_1_301' title='bbox 1203 3961 1378 4012; x_wconf 80' lang='lat' dir='ltr'><strong>Zoriodreset</strong></span> 
     </span>
     <span class='ocr_line' id='line_1_33' title="bbox 258 4044 1378 4117; baseline -0.003 -21"><span class='ocrx_word' id='word_1_302' title='bbox 258 4048 388 4098; x_wconf 75' lang='lat' dir='ltr'><strong>d&#39;odatis.</strong></span> <span class='ocrx_word' id='word_1_303' title='bbox 406 4050 446 4098; x_wconf 82' lang='lat' dir='ltr'><strong>Lo</strong></span> <span class='ocrx_word' id='word_1_304' title='bbox 461 4050 535 4099; x_wconf 80' lang='lat' dir='ltr'><strong>sedne</strong></span> <span class='ocrx_word' id='word_1_305' title='bbox 555 4058 596 4102; x_wconf 78' lang='lat' dir='ltr'><strong>est</strong></span> <span class='ocrx_word' id='word_1_306' title='bbox 614 4049 709 4101; x_wconf 81' lang='lat' dir='ltr'><strong>audeld</strong></span> <span class='ocrx_word' id='word_1_307' title='bbox 726 4053 771 4102; x_wconf 81' lang='lat' dir='ltr'><strong>des</strong></span> <span class='ocrx_word' id='word_1_308' title='bbox 790 4053 1041 4117; x_wconf 62' lang='lat' dir='ltr'><strong>Pylcs⁴Cospienrres</strong></span> <span class='ocrx_word' id='word_1_309' title='bbox 1061 4057 1087 4099; x_wconf 79' lang='lat' dir='ltr'><strong>et</strong></span> <span class='ocrx_word' id='word_1_310' title='bbox 1094 4051 1164 4111; x_wconf 78' lang='lat' dir='ltr'><strong>finit</strong></span> <span class='ocrx_word' id='word_1_311' title='bbox 1177 4065 1227 4113; x_wconf 83' lang='lat' dir='ltr'><strong>por</strong></span> <span class='ocrx_word' id='word_1_312' title='bbox 1243 4066 1279 4098; x_wconf 83' lang='lat' dir='ltr'><strong>un</strong></span> <span class='ocrx_word' id='word_1_313' title='bbox 1294 4044 1378 4096; x_wconf 78' lang='lat' dir='ltr'><strong>caldos·</strong></span> 
     </span>
     <span class='ocr_line' id='line_1_34' title="bbox 257 4132 1380 4203; baseline -0.001 -22"><span class='ocrx_word' id='word_1_314' title='bbox 257 4141 333 4185; x_wconf 82' lang='lat' dir='ltr'><strong>ment.</strong></span> <span class='ocrx_word' id='word_1_315' title='bbox 351 4135 388 4183; x_wconf 75' lang='lat' dir='ltr'><strong>As</strong></span> <span class='ocrx_word' id='word_1_316' title='bbox 412 4135 458 4185; x_wconf 79' lang='lat' dir='ltr'><strong>dut</strong></span> <span class='ocrx_word' id='word_1_317' title='bbox 473 4135 512 4186; x_wconf 80' lang='lat' dir='ltr'><strong>&#39;de</strong></span> <span class='ocrx_word' id='word_1_318' title='bbox 530 4144 596 4186; x_wconf 79' lang='lat' dir='ltr'><strong>cette</strong></span> <span class='ocrx_word' id='word_1_319' title='bbox 620 4138 740 4187; x_wconf 81' lang='lat' dir='ltr'><strong>anecdota</strong></span> <span class='ocrx_word' id='word_1_320' title='bbox 762 4138 858 4203; x_wconf 79' lang='lat' dir='ltr'><strong>Scytha</strong></span> <span class='ocrx_word' id='word_1_321' title='bbox 874 4143 915 4186; x_wconf 82' lang='lat' dir='ltr'><strong>est</strong></span> <span class='ocrx_word' id='word_1_322' title='bbox 931 4136 962 4185; x_wconf 83' lang='lat' dir='ltr'><strong>de</strong></span> <span class='ocrx_word' id='word_1_323' title='bbox 977 4143 1096 4201; x_wconf 83' lang='lat' dir='ltr'><strong>mcrrtrsr,</strong></span> <span class='ocrx_word' id='word_1_324' title='bbox 1117 4138 1193 4201; x_wconf 77' lang='lat' dir='ltr'><strong>qu&#39;on</strong></span> <span class='ocrx_word' id='word_1_325' title='bbox 1206 4143 1271 4200; x_wconf 82' lang='lat' dir='ltr'><strong>pout</strong></span> <span class='ocrx_word' id='word_1_326' title='bbox 1285 4132 1380 4184; x_wconf 80' lang='lat' dir='ltr'><strong>devenir</strong></span> 
     </span>
     <span class='ocr_line' id='line_1_35' title="bbox 257 4224 1381 4291; baseline 0 -24"><span class='ocrx_word' id='word_1_327' title='bbox 257 4236 411 4287; x_wconf 70' lang='lat' dir='ltr'><strong>omooreue,</strong></span> <span class='ocrx_word' id='word_1_328' title='bbox 427 4239 458 4271; x_wconf 82' lang='lat' dir='ltr'><strong>eo</strong></span> <span class='ocrx_word' id='word_1_329' title='bbox 471 4239 564 4290; x_wconf 77' lang='lat' dir='ltr'><strong>sorge,</strong></span> <span class='ocrx_word' id='word_1_330' title='bbox 580 4224 613 4273; x_wconf 82' lang='lat' dir='ltr'><strong>de</strong></span> <span class='ocrx_word' id='word_1_331' title='bbox 627 4239 768 4288; x_wconf 81' lang='lat' dir='ltr'><strong>personnae</strong></span> <span class='ocrx_word' id='word_1_332' title='bbox 785 4228 861 4289; x_wconf 82' lang='lat' dir='ltr'><strong>qu&#39;on</strong></span> <span class='ocrx_word' id='word_1_333' title='bbox 875 4227 919 4272; x_wconf 80' lang='lat' dir='ltr'><strong>n’o</strong></span> <span class='ocrx_word' id='word_1_334' title='bbox 929 4224 1031 4291; x_wconf 80' lang='lat' dir='ltr'><strong>jamnis</strong></span> <span class='ocrx_word' id='word_1_335' title='bbox 1045 4239 1116 4275; x_wconf 82' lang='lat' dir='ltr'><strong>oues.</strong></span> <span class='ocrx_word' id='word_1_336' title='bbox 1134 4225 1177 4272; x_wconf 82' lang='lat' dir='ltr'><strong>En</strong></span> <span class='ocrx_word' id='word_1_337' title='bbox 1188 4226 1381 4287; x_wconf 68' lang='lat' dir='ltr'><strong>repperiantpo·</strong></span> 
     </span>
     <span class='ocr_line' id='line_1_36' title="bbox 258 4307 1382 4375; baseline 0.004 -23"><span class='ocrx_word' id='word_1_338' title='bbox 258 4307 334 4355; x_wconf 74' lang='lat' dir='ltr'><strong>seille</strong></span> <span class='ocrx_word' id='word_1_339' title='bbox 347 4316 484 4375; x_wconf 64' lang='lat' dir='ltr'><strong>cantura,</strong></span> <span class='ocrx_word' id='word_1_340' title='bbox 507 4309 604 4360; x_wconf 80' lang='lat' dir='ltr'><strong>Chords</strong></span> <span class='ocrx_word' id='word_1_341' title='bbox 618 4318 677 4374; x_wconf 82' lang='lat' dir='ltr'><strong>out,</strong></span> <span class='ocrx_word' id='word_1_342' title='bbox 697 4327 758 4359; x_wconf 83' lang='lat' dir='ltr'><strong>sons</strong></span> <span class='ocrx_word' id='word_1_343' title='bbox 770 4310 860 4375; x_wconf 79' lang='lat' dir='ltr'><strong>doute,</strong></span> <span class='ocrx_word' id='word_1_344' title='bbox 874 4312 1002 4359; x_wconf 79' lang='lat' dir='ltr'><strong>intention</strong></span> <span class='ocrx_word' id='word_1_345' title='bbox 1022 4310 1053 4359; x_wconf 83' lang='lat' dir='ltr'><strong>ds</strong></span> <span class='ocrx_word' id='word_1_346' title='bbox 1067 4310 1153 4374; x_wconf 83' lang='lat' dir='ltr'><strong>ploire</strong></span> <span class='ocrx_word' id='word_1_347' title='bbox 1168 4324 1222 4357; x_wconf 74' lang='lat' dir='ltr'><strong>ouo</strong></span> <span class='ocrx_word' id='word_1_348' title='bbox 1238 4311 1332 4374; x_wconf 79' lang='lat' dir='ltr'><strong>Graes,</strong></span> <span class='ocrx_word' id='word_1_349' title='bbox 1347 4321 1382 4357; x_wconf 76' lang='lat' dir='ltr'><strong>sss</strong></span> 
     </span>
     <span class='ocr_line' id='line_1_37' title="bbox 259 4380 1383 4462; baseline 0.002 -23"><span class='ocrx_word' id='word_1_350' title='bbox 259 4380 456 4460; x_wconf 79' lang='lat' dir='ltr'><strong>cornpotra&#39;otes,</strong></span> <span class='ocrx_word' id='word_1_351' title='bbox 468 4399 515 4461; x_wconf 80' lang='lat' dir='ltr'><strong>qui</strong></span> <span class='ocrx_word' id='word_1_352' title='bbox 527 4399 632 4462; x_wconf 78' lang='lat' dir='ltr'><strong>prircnt</strong></span> <span class='ocrx_word' id='word_1_353' title='bbox 648 4403 704 4462; x_wconf 83' lang='lat' dir='ltr'><strong>trop</strong></span> <span class='ocrx_word' id='word_1_354' title='bbox 718 4403 826 4446; x_wconf 76' lang='lat' dir='ltr'><strong>convent</strong></span> <span class='ocrx_word' id='word_1_355' title='bbox 839 4397 884 4446; x_wconf 81' lang='lat' dir='ltr'><strong>des</strong></span> <span class='ocrx_word' id='word_1_356' title='bbox 897 4412 990 4462; x_wconf 70' lang='lat' dir='ltr'><strong>soeges</strong></span> <span class='ocrx_word' id='word_1_357' title='bbox 1004 4413 1071 4461; x_wconf 82' lang='lat' dir='ltr'><strong>pour</strong></span> <span class='ocrx_word' id='word_1_358' title='bbox 1087 4397 1113 4445; x_wconf 87' lang='lat' dir='ltr'><strong>lo</strong></span> <span class='ocrx_word' id='word_1_359' title='bbox 1132 4392 1245 4446; x_wconf 65' lang='lat' dir='ltr'><strong>obriti.»</strong></span> <span class='ocrx_word' id='word_1_360' title='bbox 1275 4396 1383 4445; x_wconf 84' lang='lat' dir='ltr'><strong>Heereno</strong></span> 
     </span>
     <span class='ocr_line' id='line_1_38' title="bbox 258 4477 1385 4555; baseline 0 -28"><span class='ocrx_word' id='word_1_361' title='bbox 258 4477 293 4555; x_wconf 81' lang='lat' dir='ltr'><strong>ila</strong></span> <span class='ocrx_word' id='word_1_362' title='bbox 312 4495 370 4528; x_wconf 93' lang='lat' dir='ltr'><strong>cum</strong></span> <span class='ocrx_word' id='word_1_363' title='bbox 388 4481 568 4532; x_wconf 86' lang='lat' dir='ltr'><strong>Sanotoorucio</strong></span> <span class='ocrx_word' id='word_1_364' title='bbox 583 4484 721 4547; x_wconf 82' lang='lat' dir='ltr'><strong>convenit,</strong></span> <span class='ocrx_word' id='word_1_365' title='bbox 738 4488 767 4532; x_wconf 84' lang='lat' dir='ltr'><strong>ut</strong></span> <span class='ocrx_word' id='word_1_366' title='bbox 782 4484 877 4532; x_wconf 91' lang='lat' dir='ltr'><strong>scrihat</strong></span> <span class='ocrx_word' id='word_1_367' title='bbox 894 4483 912 4532; x_wconf 87' lang='lat' dir='ltr'><strong>l.</strong></span> <span class='ocrx_word' id='word_1_368' title='bbox 931 4484 948 4531; x_wconf 91' lang='lat'><strong>1.</strong></span> <span class='ocrx_word' id='word_1_369' title='bbox 957 4501 982 4548; x_wconf 91' lang='lat' dir='ltr'><strong>p.</strong></span> <span class='ocrx_word' id='word_1_370' title='bbox 993 4481 1026 4532; x_wconf 83' lang='lat'><strong>67</strong></span> <span class='ocrx_word' id='word_1_371' title='bbox 1039 4498 1072 4531; x_wconf 74' lang='lat' dir='ltr'><strong>:s</strong></span> <span class='ocrx_word' id='word_1_372' title='bbox 1093 4483 1218 4547; x_wconf 82' lang='lat' dir='ltr'><strong>Quantum</strong></span> <span class='ocrx_word' id='word_1_373' title='bbox 1230 4497 1261 4530; x_wconf 80' lang='lat' dir='ltr'><strong>ex</strong></span> <span class='ocrx_word' id='word_1_374' title='bbox 1268 4481 1299 4530; x_wconf 90' lang='lat' dir='ltr'><strong>iis</strong></span> <span class='ocrx_word' id='word_1_375' title='bbox 1308 4518 1315 4545; x_wconf 88' lang='lat'><strong>,</strong></span> <span class='ocrx_word' id='word_1_376' title='bbox 1325 4495 1385 4545; x_wconf 89' lang='lat' dir='ltr'><strong>quac</strong></span> 
     </span>
     <span class='ocr_line' id='line_1_39' title="bbox 257 4565 1384 4635; baseline 0 -21"><span class='ocrx_word' id='word_1_377' title='bbox 257 4565 408 4617; x_wconf 84' lang='lat' dir='ltr'><strong>Plutarchus</strong></span> <span class='ocrx_word' id='word_1_378' title='bbox 425 4585 438 4617; x_wconf 92' lang='lat' dir='ltr'><strong>e</strong></span> <span class='ocrx_word' id='word_1_379' title='bbox 458 4569 563 4619; x_wconf 84' lang='lat' dir='ltr'><strong>Charete</strong></span> <span class='ocrx_word' id='word_1_380' title='bbox 573 4571 688 4620; x_wconf 83' lang='lat' dir='ltr'><strong>enotavit</strong></span> <span class='ocrx_word' id='word_1_381' title='bbox 698 4608 705 4633; x_wconf 95' lang='lat'><strong>,</strong></span> <span class='ocrx_word' id='word_1_382' title='bbox 716 4570 871 4620; x_wconf 87' lang='lat' dir='ltr'><strong>concludere</strong></span> <span class='ocrx_word' id='word_1_383' title='bbox 880 4571 956 4634; x_wconf 85' lang='lat' dir='ltr'><strong>licet,</strong></span> <span class='ocrx_word' id='word_1_384' title='bbox 974 4587 1032 4619; x_wconf 92' lang='lat' dir='ltr'><strong>eum</strong></span> <span class='ocrx_word' id='word_1_385' title='bbox 1048 4569 1133 4635; x_wconf 86' lang='lat' dir='ltr'><strong>potius</strong></span> <span class='ocrx_word' id='word_1_386' title='bbox 1145 4568 1348 4618; x_wconf 83' lang='lat' dir='ltr'><strong>narratiunculas</strong></span> <span class='ocrx_word' id='word_1_387' title='bbox 1357 4566 1384 4616; x_wconf 85' lang='lat' dir='ltr'><strong>de</strong></span> 
     </span>
     <span class='ocr_line' id='line_1_40' title="bbox 258 4653 1250 4722; baseline 0.001 -22"><span class='ocrx_word' id='word_1_388' title='bbox 258 4666 319 4716; x_wconf 76' lang='lat' dir='ltr'><strong>rege</strong></span> <span class='ocrx_word' id='word_1_389' title='bbox 331 4653 481 4721; x_wconf 76' lang='lat' dir='ltr'><strong>collegisse,</strong></span> <span class='ocrx_word' id='word_1_390' title='bbox 502 4673 577 4721; x_wconf 91' lang='lat' dir='ltr'><strong>quarn</strong></span> <span class='ocrx_word' id='word_1_391' title='bbox 598 4657 731 4709; x_wconf 87' lang='lat' dir='ltr'><strong>ilistoriam</strong></span> <span class='ocrx_word' id='word_1_392' title='bbox 747 4656 802 4706; x_wconf 88' lang='lat' dir='ltr'><strong>eius</strong></span> <span class='ocrx_word' id='word_1_393' title='bbox 821 4656 1017 4722; x_wconf 87' lang='lat' dir='ltr'><strong>conscripsisse,</strong></span> <span class='ocrx_word' id='word_1_394' title='bbox 1033 4655 1164 4722; x_wconf 87' lang='lat' dir='ltr'><strong>probabile</strong></span> <span class='ocrx_word' id='word_1_395' title='bbox 1180 4660 1250 4706; x_wconf 71' lang='lat' dir='ltr'><strong>est.»</strong></span> 
     </span>
    </p>
   </div>
   <div class='ocr_carea' id='block_1_4' title="bbox 0 0 1663 5600">
    <p class='ocr_par' dir='ltr' id='par_1_6' title="bbox 0 0 1663 5600">
     <span class='ocr_line' id='line_1_41' title="bbox 0 0 1663 5600; baseline 0 0"><span class='ocrx_word' id='word_1_396' title='bbox 0 0 1663 5600; x_wconf 95' lang='lat' dir='ltr'><strong> </strong></span> 
     </span>
    </p>
   </div>
  </div>
 </body>
</html>
