3300 5600
777 620 819 683 25

232 800 340 876 αὑτοῦ
359 797 452 887 τάξει
469 803 524 873 καί
542 803 604 873 τοό
629 794 770 894 χάρακος
788 803 855 870 ταῖν
873 801 1039 891 πολεμίου
1059 801 1100 872 οὐ
1119 798 1205 873 πολδ
1218 797 1362 895 ἀφεστη-

232 905 316 989 κιδς,
339 901 380 977 σά
406 906 606 999 προσμείνας
630 899 711 998 παρ’
731 897 940 996 Ἀλεξάνδρου
965 899 1004 974 τό
1032 904 1066 983 ἐς
1089 899 1146 995 τήν
1167 898 1269 995 μάχην
1289 902 1325 988 ξ’

232 1019 348 1103 θημα,
377 1003 475 1087 αὐτός
506 1010 640 1100 πρῶτος
668 1007 849 1098 προσέμιξε
880 1008 930 1094 τηῖ
950 999 1072 1096 χάρακι
1097 1008 1152 1075 καὶ
1176 1000 1362 1087 διασπάσας

231 1108 335 1184 αότδν
359 1111 507 1197 ἐνέβαλεν
532 1111 567 1189 ές
591 1111 656 1180 τῶν
674 1115 835 1201 Θηβαίων
859 1105 916 1201 τήν
943 1103 1165 1202 προφυλυαὴν.
1191 1104 1302 1197 Τοάτφ
1324 1113 1362 1180 δέ

231 1208 396 1302 ἑσπόμενος
414 1209 569 1302 Ἀμόντας
591 1209 611 1284 ό
631 1208 880 1304 Ἀνδρομένους,
902 1206 954 1281 ὅτι
973 1212 1028 1280 καί
1048 1212 1294 1302 ξυντεταγμένος
1312 1217 1362 1302 τῷ

232 1319 403 1409 Περδλιαη
421 1309 469 1410 ἦν,
491 1311 632 1410 ἐπήγαγε
648 1317 702 1385 καί
723 1310 822 1395 αότδς
841 1311 898 1409 την
918 1308 1020 1386 αότοό
1039 1308 1139 1399 τάξιν,
1160 1311 1207 1394 ως
1222 1311 1289 1386 εἶδε
1305 1312 1362 1387 τόν

232 1410 425 1513 ΠερδίκιιιαΙ
441 1413 694 1514 προεληλυθότα
720 1422 800 1488 εῖσω
827 1422 888 1490 τοῦ
910 1412 1062 1512 χάρακος.
1090 1421 1203 1489 Ταῦτα
1223 1420 1261 1489 δέ
1284 1416 1362 1489 ἰδιδν

231 1517 457 1614 Ἀλέξανδρος,
486 1521 532 1602 ὠς
557 1520 603 1615 μή
622 1516 716 1610 μόνοι
736 1516 997 1614 ἀπολειφθέντες
1016 1518 1103 1614 πρός
1122 1524 1187 1591 ταῖν
1209 1523 1361 1612 Θηβαίου

234 1619 475 1710 κινδυνεύσειαν,
505 1626 606 1717 ἐπῆγε
629 1624 686 1717 τήν
706 1619 803 1716 όλλην
823 1618 986 1716 στρατιάν.
1006 1627 1075 1696 Καί
1093 1618 1169 1702 τούς
1190 1628 1249 1709 μέν
1268 1617 1361 1707 τοξό-

205 1767 207 1773 ·
238 1754 295 1808 τος
309 1725 464 1811 καίτυδς
484 1721 654 1820 Ἀγριᾶνας
674 1729 842 1818 ἐκδραμεῖν
863 1721 1015 1820 ἐσήμηνεν
1028 1735 1115 1800 ,εἵσω
1130 1729 1191 1797 τοῦ
1204 1719 1358 1819 χάρακος,

234 1830 275 1902 τά
293 1835 332 1902 δέ
352 1825 576 1924 άγὴματακαί
589 1825 673 1911 ,τινός
698 1824 909 1910 ὑπασπιστάς
934 1829 984 1902 ἔτι
1004 1828 1067 1915 έξω
1086 1836 1239 1918 κατεῖχεν.
1259 1824 1359 1901 Ἔνθα

231 1931 272 2028 δὴ
301 1935 489 2028 Περδίικας
521 1935 581 2020 μέν
613 1936 675 2005 τοῦ
708 1934 863 2026 δευτέρου
898 1928 1039 2027 χάρακας
1073 1938 1153 2005 εῖσω
1181 1935 1362 2024 παρελθεῖν

229 2031 453 2125 βιαζόμενος,.·
472 2031 568 2116 αότός
589 2038 655 2127 μέν
681 2039 820 2129 βληθείς
844 2038 962 2108 πίπτει
989 2035 1105 2122 αὐτοῦ,
1127 2038 1181 2115 καί
1201 2031 1363 2124 άπυκομίι

229 2143 324 2224 ζεται
344 2143 450 2219 κωιιδς
470 2137 556 2228 ἔχων
576 2140 633 2211 ἐπί
652 2135 691 2209 τό
712 2132 946 2232 στρατόπεδον,
965 2142 1021 2219 καί
1039 2143 1193 2227 χαλεπαῖς
1214 2133 1361 2230 διεσώθη

230 2239 300 2316 δπό
321 2246 383 2317 τοῦ
399 2237 606 2337 τραύματος·Ι
619 2238 697 2321 τούς
715 2245 826 2328 μέντοι
847 2245 1012 2336 Θηβαίους
1032 2237 1143 2335 ἐςτην
1159 2244 1268 2333 κοίλην
1283 2234 1361 2311 όδδυ

227 2342 288 2439 τήν
313 2343 397 2415 κατά
421 2342 459 2415 τδ
484 2338 667 2438 Ἡράκλειον
693 2348 861 2439 φέρουσαν
888 2349 929 2435 οἱ,
947 2342 1015 2436 ἅμα
1042 2340 1132 2434 αιἠτιχῖ
1152 2337 1360 2423 εἰσπεσόντες

232 2448 318 2538 ὁμοῦ
342 2456 413 2528 τοῖς
445 2448 524 2541 παρ’
549 2443 748 2542 Ἀλεξάνδρῳ
775 2444 925 2533 τοξόταις
953 2451 1163 2519 συνέκλεισαν.
1191 2449 1259 2518 Καὶ
1286 2445 1360 2516 ἔστε

231 2553 291 2637 μὲν
316 2553 375 2622 ἐπί
400 2549 439 2620 τό
464 2543 650 2643 Ἡράκλειον
676 2547 899 2645 α’ναχωρυῦσιν
932 2553 1063 2622 εἵποντο
1087 2558 1157 2630 τοῖς
1187 2551 1357 2640 Θηβαίοις·

229 2655 383 2725 ἐντεῦθεν
404 2655 442 2737 δέ
462 2647 728 2749 ἐπιστρεψάντων
749 2645 850 2733 αὖθις
871 2650 929 2724 σόν
944 2658 1010 2749 βοῇ
1024 2658 1088 2723 ταῖν
1107 2654 1257 2746 Θηβαίων
1272 2648 1360 2745 φυγή

226 2759 295 2827 ταῖν
327 2750 522 2827 Μακεδόνων
550 2757 704 2847 γίγνεται·
729 2758 787 2826 ’καί
815 2749 1013 2849 Εόρυβότας
1032 2782 1070 2825 τε
1091 2752 1110 2826 ὁ
1131 2753 1223 2849 Κρής
1243 2756 1360 2826 πίπτει

226 2855 248 2927 o‘
277 2851 443 2951 τοξάρχης
459 2862 522 2946 Ικαί
549 2853 654 2929 αότυῖν
681 2862 746 2928 τοῖν
771 2863 914 2944 τοξοτῶν
939 2860 974 2938 ές
998 2852 1233 2953 ἑβδομήκοντα·
1261 2859 1294 2929 οἱ
1322 2860 1360 2929 δέ

225 2962 342 3032 λοιποί
361 2963 542 3057 κατέφυγον
562 2958 649 3055 πρός
669 2960 707 3030 τό
729 2956 837 3055 όγημα
857 2958 896 3033 τό
915 2965 980 3031 ταῖν
1000 2954 1201 3033 Μακεδόνων
1212 2963 1266 3030 καί
1281 2957 1360 3040 τοδς

224 3060 441 3143 ὑπασπιστάς
470 3060 549 3142 τυδς
580 3062 775 3151 βασάαοός.
818 3060 888 3155 Κᾷν
913 3056 1020 3153 τοάτφ
1047 3060 1257 3156 Ἀλέξανδρος
1280 3060 1359 3143 τοδς

222 3168 285 3257 μέν
315 3160 416 3237 αὐτοῦ
443 3161 624 3260 φαέγοπας
652 3163 799 3253 κατιδων,
825 3165 903 3247 τεός
930 3169 1097 3261 Θηβαίους
1124 3170 1162 3238 δέ
1185 3160 1359 3246 λελυκότας

223 3272 258 3341 ἐν
281 3299 336 3364 τη·
352 3263 464 3354 διώξει
489 3265 547 3361 την
570 3263 670 3354 τάξιν,
698 3264 851 3356 ἐμβάλλει
872 3274 906 3349 ές
927 3267 1046 3351 αότοός
1068 3272 1297 3363 συντεταγμένη
1316 3297 1357 3362 τη

223 3369 385 3468 φάλαγγι·
412 3376 444 3443 οἱ
465 3374 503 3442 δὲ
524 3366 655 3442 αἶθοῦσι
674 3370 753 3452 τοός
774 3375 941 3466 Θηβαίους
963 3379 1042 3443 ε’ίσω
1064 3377 1129 3443 ταῖν
1149 3377 1270 3444 πυλῶνι
1290 3374 1358 3443 Καὶ

221 3484 297 3556 ’τοῖς
319 3478 476 3569 Θηβαίοις
491 3473 535 3554 -ἔς
548 3469 692 3546 τοσόνδε
711 3469 732 3569 ἦ
754 3473 844 3570 φυγῇ
865 3473 997 3571 φοβερά
1018 3465 1173 3568 ἐγίγνετο,
1195 3472 1281 3545 ὥστε
1301 3471 1357 3545 διά

220 3583 291 3651 τοῖν
310 3582 424 3649 πυλαῖν
452 3573 641 3665 ω’θοόμενοι
665 3579 699 3656 ἐς
723 3575 781 3671 την
801 3573 898 3650 πόλιν
919 3575 977 3650 οόκ
997 3578 1153 3675 ἔφθησαν
1173 3584 1357 3670 συγκλεῖσαι

221 3683 286 3765 τοῖς
305 3678 424 3762 πέλας·
444 3676 527 3750 άλλά
545 3683 816 3752 συνεισπίπτουσι
836 3680 898 3776 γάρ
921 3678 1032 3764 αὐτοῖς
1053 3687 1132 3753 εἵσω
1153 3686 1215 3754 τοῦ
1228 3683 1357 3769 τείχους

221 3785 306 3861 ὅσοι
328 3789 395 3856 ταῖν
421 3778 621 3857 Μακεδόνων
646 3782 738 3877 ε’γγός
764 3780 950 3881 φευγόντων
975 3791 1115 3875 εἴχοντο,
1140 3782 1198 3856 άτε
1217 3786 1272 3854 καί
1291 3787 1356 3852 ταῖν

220 3887 351 3979 τειχιεῖνΙ
366 3883 422 3960 διά
440 3883 504 3966 τάς1
519 3886 745 3983 προφυλακάς
769 3887 830 3968 τάς
853 3887 980 3969 πολλάς
1007 3885 1133 3983 ἐρήμων
1154 3884 1263 3959 όντων.
1289 3888 1356 3958 Καί

220 3985 451 4087 παρελθόντες
477 3990 526 4074 είς
552 3987 610 4084 τὴν
636 3994 803 4080 Καδμείαν
829 3995 863 4065 οί
887 3994 946 4080 μέν
970 3993 1096 4063 ἐκεῖθεν
1119 3988 1200 4063 κατά
1220 3986 1259 4063 τό
1279 3986 1356 4077 Ἀμ-

221 4104 323 4193 φεῖον
341 4092 400 4165 σόν
418 4101 490 4174 τοῖς
509 4098 681 4184 κατέχουσι
697 4092 755 4189 τὴν
773 4098 941 4184 Καδμείαν
954 4095 1119 4185 ἐξέβαινον
1134 4098 1168 4174 ἐς
1182 4092 1239 4188 την
1256 4088 1355 4186 άλλην

220 4195 334 4272 πόλιν·
356 4199 389 4269 οἱ
409 4199 448 4268 δέ
466 4200 549 4269 κατά
567 4196 609 4270 τά
628 4202 738 4292 τείχη,
754 4194 891 4289 ἐχόμενα
910 4196 973 4292 ἤδη
995 4197 1082 4293 πρδς
1100 4204 1165 4270 τῶν
1186 4221 1354 4270 συνεισπε.

220 4298 353 4374 σάντων.
377 4308 448 4382 τοῖς
478 4297 665 4395 φεύγουσιν,
691 4298 902 4399 ’όπερβάντες
934 4300 1054 4399 ἐςτην
1085 4299 1206 4397 άγοράν
1239 4295 1352 4393 δρόμῳ

220 4407 391 4499 ἐφέροντο.
413 4407 480 4477 Καὶ
494 4402 603 4497 ὀλίγον
615 4409 675 4495 μέν
688 4434 760 4479 τινα
770 4400 889 4501 χρόνον
901 4405 1028 4495 ἔμειναν
1043 4411 1075 4479 οἱ
1089 4408 1275 4497 τεταγμένοι
1288 4406 1354 4475 ταῖν

221 4511 380 4602 Θηβαίων
399 4504 481 4579 κατά
500 4505 539 4580 τό
559 4506 731 4604 Ἀμφεῖον·
753 4506 800 4590 αῖς
820 4512 859 4583 δέ
878 4504 1084 4600 πανταχόθεν
1097 4506 1208 4590 αὐτοῖς
1224 4511 1258 4581 αῖ
1273 4518 1353 4582 Ma-

221 4607 353 4693 αεδόνες
381 4614 437 4682 καί
466 4607 674 4710 Ἀλέξανδρος
702 4608 817 4688 ἄλλοτε
843 4608 925 4710 άλλη
950 4610 1200 4712 ἐπιφαινόμενος
1224 4613 1347 4705 προθέ-
