3300 5600
808 596 851 657 84

264 774 307 839 II.
328 774 348 834 2
368 792 452 858 sqq,
474 779 505 831 et
526 767 686 852 inprimis
708 769 804 833 Tonri
828 766 1074 851 descriptionem
1096 787 1148 851 ap.
1174 765 1255 833 Plio.
1274 769 1312 834 V.
1338 771 1360 836 2

264 879 372 964 Atque
389 877 467 946 hinc
482 874 516 937 in
537 873 712 959 fragmento
728 872 906 939 Aristobuli
922 869 1120 936 retinendam
1136 892 1205 936 esse
1221 882 1308 957 patet
1323 894 1360 941 rr

262 995 367 1072 gatam
390 983 562 1047 lectionem
579 970 661 1043 κατα
682 970 776 1064 ἔθνη,
793 1000 890 1065 quam
906 978 1130 1059 Xruogerure
1147 975 1243 1046 codd.
1262 989 1360 1045 metm

258 1080 400 1153 innocui
418 1077 497 1174 ἢθη
531 1085 634 1171 Nam,
648 1096 685 1148 ut
711 1086 806 1150 Plinii
825 1085 930 1150 rerhis
951 1095 1035 1163 utar,
1066 1083 1238 1169 «plurimis
1261 1105 1294 1148 se
1312 1106 1360 1172 ger

264 1197 356 1259 tium
373 1191 552 1257 nominihus
574 1190 651 1255 hinc
670 1202 702 1255 et
719 1191 811 1257 illinc
830 1192 984 1278 implet.»

305 1300 351 1366 Ex
375 1299 509 1364 Arriano
536 1309 573 1362 ut
605 1296 768 1363 evidenter
801 1299 983 1384 compilavit
1006 1309 1132 1364 auctor.
1146 1296 1270 1362 Itimr.
1296 1295 1360 1361 Aer

262 1428 345 1493 quae
364 1428 394 1473 o.
421 1405 535 1473 LXXV
554 1403 595 1467 de
614 1405 730 1489 plantis
758 1404 857 1470 hahet
882 1406 917 1468 in
941 1405 1144 1490 Paropamiso
1175 1403 1357 1468 nascentibus

260 1515 305 1579 ita
324 1535 361 1578 ax
383 1511 567 1578 Aristobulo
586 1511 673 1593 ipso,
695 1512 828 1577 nisime
852 1512 971 1576 fallunt
989 1513 1112 1590 omnia,
1132 1510 1270 1596 profecit
1287 1529 1360 1574 rursu

260 1619 374 1685 Strabo
399 1618 460 1686 XV
484 1640 517 1702 p.
538 1616 688 1694 105513,
716 1638 799 1704 quae
821 1617 927 1682 reddit
946 1617 1096 1682 Aelianus
1120 1615 1163 1684 V.
1182 1616 1224 1681 Η.
1242 1617 1310 1682 XII.
1329 1615 1358 1678 at

256 1714 364 1790 *Πόλιν
384 1718 510 1802 κτίσας,
534 1723 578 1787 ait
596 1722 669 1802 ille,
692 1712 907 1812 ὖττερήιιρισεν
923 1718 971 1796 εἰς
984 1712 1253 1809 τῆνΒαιιτριανῆν
1269 1711 1318 1786 δαὶ
1326 1726 1360 1804 dt

260 1825 326 1891 loir
353 1815 452 1905 ὁδῶν,
480 1818 564 1913 πλὴν
588 1823 767 1914 τερμίνθου
795 1814 993 1908 θαμνώδους
1023 1814 1146 1912 ὀλίγης,
1173 1812 1360 1912 ἀπορούμενα

260 1927 315 1994 καί
335 1927 478 2018 τροφῆς,
502 1921 588 1994 ὥστε
613 1932 686 2024 ταῖς
711 1927 776 1994 τῶν
799 1928 919 2017 κτηνῶν
944 1925 1042 2016 σαρξί
1062 1925 1223 2014 χρῆσθαι,
1245 1924 1297 1992 καί
1312 1910 1360 1989 τινίΙ

260 2052 334 2107 ταις
354 2023 461 2116 ω’μαϊς
480 2025 536 2098 δια
555 2024 612 2122 τήν
629 2023 770 2112 ἆξνλίαν.
785 2024 895 2122 ,Πρὸς
909 2030 947 2097 δὲ
965 2022 1023 2120 τήν
1044 2023 1223 2114 ω’μασντίαν
1241 2017 1360 2095 παπαί

259 2123 630 2226 ἧναῦτοῖςτόσίλφιον,
646 2129 734 2202 πολι)
754 2127 915 2223 πεφυκός.
938 2137 986 2205 (ll.
1005 2136 1095 2204 Gurt.
1116 2136 1191 2204 Vll.
1209 2137 1242 2203 4.
1261 2137 1302 2199 22
1316 2150 1360 2220 sqq

252 2241 308 2324 'De
326 2239 442 2326 silphio
462 2240 602 2320 Medico,
623 2240 711 2327 quod
735 2240 888 2306 describit
908 2241 1145 2329 Theophrastus
1163 2241 1259 2308 Ηίιτ.
1276 2239 1360 2307 Plorl

260 2346 318 2414 IV.
334 2348 367 2414 4.
387 2349 405 2410 7
427 2344 597 2434 quodque,
617 2348 716 2410 inrito
734 2346 858 2426 Plinio,
880 2369 944 2413 non
960 2349 1056 2436 longe
1074 2348 1249 2435 Cyrenaico
1268 2347 1360 2414 cessirs

261 2451 541 2544 Strabo'testatur
569 2453 617 2517 XI
643 2474 676 2536 p.
705 2454 769 2517 797
795 2452 840 2532 A,
870 2476 933 2519 non
962 2453 1116 2541 estquod
1144 2455 1255 2521 multis
1278 2452 1360 2520 dimo

261 2559 343 2623 Fuso
362 2558 403 2622 de
419 2570 559 2645 utroque
577 2580 695 2646 genere
718 2559 892 2645 disputarit
912 2561 1084 2626 Salmasius
1104 2559 1145 2625 ad
1160 2556 1262 2630 Solio.
1278 2582 1309 2648 p.
1322 2553 1360 2623 tlt

262 2665 445 2752 sqq.·,‚262.
470 2664 560 2730 Adde
578 2665 738 2733 Muetrell.
761 2665 802 2730 ad
818 2666 908 2734 Gurt.
925 2690 958 2752 p.
980 2668 1058 2734 648.
1083 2668 1221 2733 Tantum
1236 2684 1360 2755 apponet

257 2770 349 2856 jurat
361 2773 460 2838 rerba
476 2771 571 2836 Plinii
587 2772 673 2839 XIX.
694 2774 753 2853 15,
766 2773 888 2861 quippe
903 2758 991 2839 haud
1005 2796 1070 2840 uno
1086 2773 1216 2839 nomine
1233 2773 1272 2840 ad
1287 2774 1360 2839 locut

262 2879 438 2969 hristohuli
454 2877 680 2943 illustrandum
692 2892 885 2963 comparata.
922 2865 1164 2949 «clarissimum
1181 2880 1358 2968 laserpitium

262 2987 384 3073 inquit,
414 2984 502 3072 quod
521 2986 637 3051 Graeci
663 2976 812 3070 silphion
825 2998 956 3065 vocant,
986 2988 1019 3050 in
1039 2988 1215 3075 Cyrenaica
1233 2981 1360 3074 prorinei

265 3102 427 3177 repertum
453 3115 461 3156 :
485 3093 578 3156 cuius
606 3113 740 3157 succum
770 3104 884 3157 vocant
917 3092 999 3158 laser
1025 3115 1033 3156 ε
1055 3091 1265 3180 magnificum
1281 3094 1311 3157 in
1328 3107 1360 3154 ott

264 3196 587 3284 medicamentisque,
611 3209 643 3261 et
663 3198 703 3262 ad
723 3199 848 3283 pondus
874 3198 1161 3287 argenteidcnarii
1183 3218 1323 3286 pensum.
1341 3225 1360 3240 -

264 3303 297 3367 Si
316 3303 443 3389 quando
460 3303 575 3369 incidit
591 3326 689 3389 pecus
707 3305 741 3367 irs
763 3327 851 3393 spem
872 3307 1046 3386 nascentis,
1066 3305 1128 3371 hoc
1143 3291 1360 3393 deprehenditis

263 3411 355 3497 signo
375 3431 382 3474 :
404 3432 462 3475 ore
491 3432 564 3476 cum
591 3410 766 3501 comederit
796 3411 974 3476 dormiente
1002 3413 1165 3499 protinus,
1198 3434 1292 3500 capra
1313 3420 1360 3474 stet

251 3528 395 3606 ,noenta
427 3518 557 3603 Diuque
571 3517 646 3612 ¹jam
673 3540 739 3582 non
760 3517 849 3583 aliud
871 3518 910 3583 ad
932 3540 988 3583 nos
1007 3518 1168 3589 invehitur
1186 3519 1280 3599 laser,
1299 3531 1360 3605 quat

254 3622 408 3711 nundin
434 3622 573 3688 Perside,
592 3609 649 3688 aut
678 3622 781 3689 IlIedia
809 3636 841 3689 et
868 3625 1018 3690 Armenia
1047 3627 1188 3690 nascitur
1214 3626 1317 3712 large,
1334 3640 1360 3684 se

252 3730 367 3794 ,mulso
385 3728 468 3794 infra
486 3729 707 3816 Cyrenaicum.
725 3759 766 3772 -
783 3729 823 3794 ld
839 3730 925 3817 apud
942 3742 1091 3797 auctores
1108 3731 1253 3810 Graecos
1269 3707 1360 3795 erideo

253 3836 401 3930 ¹tisstimos'
416 3836 609 3915 invenimus,
627 3869 668 3882 -
684 3836 766 3901 vesci
790 3858 912 3922 pecora,
928 3837 1037 3916 solita,
1057 3838 1229 3924 primoque
1247 3834 1360 3925 purgat?

253 3963 336 4018 ,mox
351 3942 579 4030 pinguescere,
604 3928 700 4007 carne
720 3943 900 4034 mirabilem
920 3944 954 4007 in
977 3943 1109 4009 modum
1122 3943 1310 4030 jucunda.»

768 4188 888 4256 XVIII.
954 4224 959 4256 :
1065 4227 1068 4236 ·

297 4396 420 4461 suano
442 4397 489 4461 xr
507 4418 540 4480 p.
565 4398 630 4461 ue
652 4392 812 4481 αιαησιι
835 4385 1157 4482 Ἀριστόβουλος,
1172 4347 1284 4488 srael,
1301 4388 1360 4467 ota

262 4493 319 4586 τήν
339 4494 501 4588 Ὑρκανίαν
527 4499 607 4587 δρῦν
635 4493 728 4582 ἔχειν,
756 4488 876 4585 πεύκην
897 4496 935 4564 δὲ
954 4497 1013 4565 καί
1028 4489 1141 4586 idolam
1161 4498 1215 4566 καὶ
1235 4501 1337 4572 πίτυν
1355 4547 1360 4591 t

263 4592 371 4693 φύειν·
391 4596 447 4689 τήν
464 4593 493 4668 δ’
507 4594 630 4691 Ἰνδικήν
647 4590 808 4688 πληθύειν
827 4591 962 4674 τούτοις.
1043 4677 1047 4687 Ι
