3300 5600
679 642 681 646 -
756 597 850 657 '164

260 768 378 851 ε’βίωσε
399 767 436 834 δὲ
454 759 576 856 ἡμέρας
595 765 766 858 τέσσαρας.
789 768 949 832 Postrema
971 787 1026 828 vox
1050 763 1135 829 haud
1154 763 1287 842 dubito,
1308 764 1379 848 quin

260 899 277 940 a
297 866 376 957 χοάς
398 873 571 938 manaverit
589 872 628 937 ad
645 863 768 962 ἡμέρας
787 884 885 959 atque
904 893 941 936 ex
961 872 1032 936 loco
1059 868 1242 948 Plutarchi,
1270 870 1379 953 pariter

259 981 425 1048 Charetem
442 976 621 1055 laudantis,
643 978 832 1043 mutandum
850 979 941 1042 sitin
957 978 1054 1063 τρεῖς.
1084 977 1151 1042 Noc
1173 976 1252 1040 latet
1272 995 1378 1060 quem-

260 1109 373 1174 quam,
399 1107 496 1171 quam
514 1085 609 1149 facile
631 1085 663 1146 iu
680 1083 797 1148 'iisdem
813 1085 878 1147 illis
900 1083 1003 1147 verbis
1024 1078 1143 1163 ἐβίωσε
1164 1103 1202 1146 ox
1225 1075 1381 1160 ἐπεβίωσε

259 1193 335 1257 oriri
362 1192 519 1277 potuerit,
547 1212 605 1276 pro
635 1213 699 1276 quo
727 1190 811 1275 apud
838 1189 1047 1254 Plutarchum
1069 1182 1210 1273 ἐπέζησε
1230 1186 1376 1269 scriptum

186 1353 195 1379 ,
259 1307 369 1362 exstat.
393 1297 446 1361 Sic
465 1297 579 1374 etiam,
599 1310 635 1359 ut
656 1318 674 1359 ο
692 1296 801 1361 multis
818 1295 969 1379 exemplis
990 1294 1052 1359 hoc
1069 1316 1132 1358 uno
1153 1304 1246 1372 utar,
1272 1293 1376 1356 Demu-

260 1403 385 1468 sthenes
403 1404 436 1467 iu
453 1403 550 1468 Orat.
568 1402 640 1466 adv.
657 1400 758 1487 Spud.
775 1424 808 1488 p.
829 1404 914 1468 1033
925 1401 975 1467 εδ.
988 1401 1118 1467 Rusu:
1137 1395 1369 1480 ἐπιβιούντος

256 1500 341 1588 μετά
358 1507 460 1572 ταῦτα
478 1506 537 1570 τοῦ
555 1497 762 1573 Πολυεύκτου
783 1505 883 1572 πλέον
901 1497 922 1593 ’ἢ
942 1497 1039 1572 πένθ’
1057 1494 1190 1591 ἡμέρας.

770 1717 872 1783 XVII.

700 1873 702 1877 ’
722 1891 740 1934 u
761 1889 874 1937 τιεοο
896 1890 922 1936 x.

301 2028 417 2096 Athen.
447 2029 508 2093 xll
537 2053 570 2116 p.
600 2031 665 2094 538
694 2029 828 2095 B-539
853 2031 890 2094 A.
925 2017 1069 2114 Χάρης
1095 2025 1134 2091 ἐν
1160 2025 1209 2113 τῇ
1236 2011 1362 2105 δεκάτη
1412 2024 1415 2049 ¹

257 2132 330 2198 τῶν
350 2132 445 2219 περὶ
466 2124 727 2222 Ἀλέξανδρον
743 2123 955 2221 Ἱστοριῶν·
981 2123 1080 2210 «Ὅτε,
1104 2126 1215 2216 φησίν,
1237 2119 1299 2195 εἷλε
1313 2128 1364 2193 Λα·

257 2239 357 2323 ρεῖον,
384 2226 507 2322 γάμους
533 2233 735 2302 συνετέλεσεν
761 2235 879 2302 ἑαυτοῦ
903 2256 940 2299 τε
964 2230 1018 2298 καί
1043 2231 1107 2297 τοῖν
1133 2223 1239 2296 άλλων
1264 2225 1363 2318 φίλων,
1392 2302 1394 2309 ¹

256 2328 436 2427 ἐνενήκοντα
461 2337 515 2403 καί
542 2329 600 2405 δύο
627 2330 799 2423 θαλάμους
824 2325 1145 2417 κατασκευασάμενος
1170 2331 1203 2398 ἐν
1225 2332 1274 2418 τῷ
1294 2321 1365 2410 αύτῷ

255 2430 359 2525 τόπῳ.
384 2429 442 2508 Ἠν
467 2440 504 2507 δὲ
524 2432 543 2508 ό
564 2432 651 2517 σίκυς
677 2432 947 2521 ἑκατοντάκλινος,
978 2435 1010 2504 ἐν
1037 2428 1065 2522 ᾦ
1091 2427 1208 2524 ἑκάστη
1235 2424 1272 2524 ἦν
1296 2429 1365 2514 κλίνη

257 2543 473 2632 κεκοσμημένη
500 2543 600 2631 στολῇ
624 2545 741 2632 γαμικῇ
769 2548 872 2611 εῖκοσι
896 2542 983 2628 μνῶν
1010 2530 1157 2630 άργυρά·
1184 2531 1205 2627 ἡ
1228 2537 1266 2605 δέ
1285 2528 1367 2604 αύτσῦ

256 2637 447 2735 χρυσόπους
474 2635 520 2735 ἦν.
553 2645 792 2735 Συμπαρέλαβε
819 2645 857 2713 δὲ
883 2643 931 2721 εἰς
956 2638 995 2710 τύ
1023 2633 1205 2727 συμπόσιον
1229 2640 1283 2707 καὶ
1307 2629 1368 2711 τούς

241 2746 433 2829 ·ι’διοξένους
458 2743 620 2831 ἅπαντας,
647 2748 701 2816 καὶ
727 2747 904 2817 κατέκλινεν
929 2737 1202 2837 ἀντιπροσώπους
1222 2742 1326 2831 ἑαυτῷ
1343 2761 1370 2807 τε

257 2852 310 2917 καί
329 2856 400 2928 τοῖς
419 2844 530 2927 ἄλλοις
550 2851 705 2942 νυμφίοις
721 2874 729 2891 ·
750 2844 807 2941 τήν
821 2874 859 2917 τε
875 2844 991 2939 λοιπήν
1005 2843 1147 2934 δύναμιν,
1164 2841 1267 2940 πεζήν
1281 2870 1316 2914 τε
1330 2842 1371 2911 καὶ

207 3026 210 3029 ,
257 2948 411 3045 νανταην,
439 2954 493 3021 καί
513 2947 574 3030 τάς
593 2953 773 3043 πρεσβείας
792 2954 848 3019 καί
867 2948 944 3029 τούς
963 2954 1274 3043 παρεπιδημοῦντας
1293 2949 1324 3017 ἐν
1341 2946 1372 3036 τῇ

256 3050 349 3146 αύλῇ.
377 3049 624 3126 Κατεσκεύαστο
643 3052 713 3125 δὲὸ
733 3050 820 3134 οἶκος
836 3057 1024 3133 πολυτελῶς
1040 3056 1094 3123 καί
1110 3054 1372 3145 μεγαλοπρεπῶς,

256 3158 398 3245 ἱματίοις
422 3184 459 3226 τε
485 3160 540 3227 καί
566 3152 713 3236 ὀθονίοις
738 3160 957 3243 πολυτελέσιν,
984 3155 1051 3227 ύπδ
1073 3157 1233 3227 δὲταῦτα
1253 3182 1375 3249 πορφυ-

256 3267 328 3351 ροῖς
348 3262 402 3328 καὶ
424 3268 584 3353 φοινικοῖς
604 3263 816 3354 χρυσούφέσι.
848 3272 878 3330 Τ
875 3265 915 3330 οῦ
932 3263 970 3330 δὲ
986 3262 1091 3349 μένειν
1109 3257 1165 3352 την
1178 3257 1292 3353 σκηνην
1305 3253 1377 3328 ύπέ·

256 3388 357 3432 κειντο
376 3364 480 3441 κίονες
496 3357 723 3455 εἰκοσαπήχεις
735 3366 932 3456 περίχρυσοι
945 3366 999 3433 καὶ
1016 3357 1162 3433 διάλιθοι
1177 3366 1232 3432 καί
1246 3356 1377 3455 Ιπεριάρ·

255 3491 358 3557 γυροι.
386 3466 645 3558 Περιεβέβληντο
672 3463 702 3535 δ’
721 3468 753 3536 ἓν
777 3471 827 3556 τῷ
850 3462 1018 3558 περιβόλῳ
1042 3469 1233 3545 πολυτελεῖς
1257 3461 1378 3536 αὐλαῖαι

256 3570 384 3650 ζωωτοί
409 3571 463 3636 καί
490 3562 675 3661 διάχρυσοι,
704 3564 838 3648 κανόνας
859 3569 992 3657 ἔχουσαι
1012 3564 1233 3662 περιχρύσους
1251 3571 1305 3639 καί
1327 3594 1379 3639 πε·

256 3665 461 3763 ριαργύρους.
493 3675 559 3764 Τῆς
578 3674 615 3742 δὲ
637 3669 736 3763 αύλῆς
753 3664 794 3760 ἦν
807 3671 847 3743 τό
862 3675 1059 3766 περίμετρον
1073 3667 1205 3743 στάδιοι
1216 3674 1378 3765 τέσσαρες.

252 3767 384 3861 Ἐγίνετο
406 3776 444 3844 δέ
463 3769 505 3843 τά
526 3778 641 3844 δεῖπνα
661 3771 748 3867 πρός
772 3770 951 3865 σάλπιγγα,
971 3771 1047 3846 τότε
1060 3781 1118 3863 μὲν
1133 3778 1165 3845 ἐν
1179 3772 1378 3866 τοῖςγάμοις,

254 3877 309 3942 καί
320 3870 426 3955 άλλως
440 3871 471 3946 δ’
485 3874 546 3961 άεὶ,
567 3874 619 3947 ὅτι
632 3872 725 3965 τύχοι
741 3873 1071 3967 σπονδοποιούμενος,
1088 3875 1174 3948 ὥστε
1184 3882 1251 3947 πᾶν
1265 3881 1380 3960 εἰδέναι

254 3975 292 4046 τδ
307 3972 537 4070 στρατόπεδον.
559 3977 626 4050 Ἐπί
641 3983 737 4050 πέντε
754 3982 791 4050 δὲ
808 3975 932 4072 ἡμέρας
947 3983 1208 4074 ἐπετελέσθησαν
1224 3986 1258 4053 οἱ
1275 3977 1379 4073 γάμοι,

254 4082 308 4149 καί
337 4076 582 4174 ἐλειτούργησαν
608 4077 693 4154 πάνυ
720 4087 839 4155 πολλοὶ
865 4085 919 4153 καί
943 4081 1120 4178 βαρβάρων
1144 4079 1198 4154 καί
1225 4081 1379 4179 Ἑλλήνων,

254 4188 309 4253 καί
336 4187 368 4254 οἱ
387 4181 455 4256 άπδ
481 4190 538 4279 τῆς
560 4183 692 4280 Ἰνδικῆς.
721 4191 968 4277 (θαυματοποιοί
990 4194 1027 4260 δὲ
1047 4182 1127 4281 ἦσαν
1149 4193 1382 4282 διαπρέποντες

193 4324 194 4327 ¹
255 4281 396 4373 Σκύμνος
422 4299 631 4382 Ταραντῖνος,
660 4293 715 4360 καὶ
738 4295 927 4383 Φιλιστίδης
949 4286 1160 4385 Συρακόσιος,
1182 4288 1382 4385 Ἡράκλειτός

254 4415 290 4457 τε
313 4384 332 4459 ό
354 4395 588 4484 Μυτιληναῖος,
611 4389 690 4482 μεθ’
710 4392 769 4473 υύς
789 4396 978 4478 ἐπεδείξατο
996 4394 1156 4488 ῥαψῳδός
1170 4391 1300 4482 ’Ἀλεξις
1321 4410 1382 4467 Τα-

255 4500 408 4582 ραντῖνος.
438 4500 620 4588 Παρῆλθον
641 4499 752 4567 δὲκαὶ
773 4501 1059 4595 ψιλοκιθαρισταὶ,
1081 4507 1241 4592 Κρατῖνος
1260 4508 1382 4591 Μηθυ-

253 4602 382 4680 μναῖος,
405 4592 639 4690 Ἀριστώνυμος
659 4595 847 4691 Ἀθηναῖος,
871 4597 1104 4693 Ἀθηνόδωρος
1131 4598 1249 4693 Τήῖος·
1273 4606 1382 4674 ἐκιθα-
