3300 5600
512 1600 1112 1794 'susurris-

682 2031 921 2080 sustineres.

796 2705 819 2770 l.

278 2898 410 2964 Gellius
430 2895 475 2962 Ν.
497 2895 538 2962 Α.
559 2899 598 2967 V.
621 2900 652 2964 2.
686 2896 812 2985 Equus
841 2894 1038 2962 Alexandri
1063 2896 1171 2985 Regis
1196 2909 1229 2961 et
1257 2898 1369 2982 eapite

226 3019 267 3071 et
284 3005 424 3067 momine
441 3002 658 3089 Bucephalas
671 3002 762 3090 fuit.
796 3001 945 3067 Emeum
961 3002 1077 3068 Chares
1097 3004 1242 3089 scripsit
1259 3003 1314 3067 tal
1354 3039 1370 3055 -

229 3114 291 3177 tie
312 3108 488 3190 tredecim,
512 3122 544 3173 et
566 3108 657 3196 Regi
686 3108 854 3195 Philippo
880 3108 1051 3174 dsuetum.
1083 3106 1193 3195 Super
1210 3107 1269 3172 loe
1289 3131 1369 3196 eque

228 3218 387 3304 dignum
413 3217 578 3278 memorie
604 3216 735 3295 virum,
766 3213 869 3302 qued,
902 3214 963 3278 uhi
991 3228 1133 3279 eruatur
1155 3228 1231 3280 erat
1253 3237 1369 3278 ormo·

232 3337 363 3407 tueque
386 3320 433 3386 od
452 3321 642 3407 proelium,
668 3320 761 3385 laud
787 3342 939 3407 unquam
963 3319 1213 3386 insuendi-seu
1236 3320 1279 3384 oh
1296 3320 1369 3385 alie

230 3429 316 3493 reici
335 3450 356 3490 a
378 3426 468 3514 Rege
488 3450 613 3512 pessus
632 3427 690 3491 sit.

284 3533 328 3597 Ut
346 3532 453 3611 urbis,
477 3554 572 3620 quam
589 3534 622 3597 in
644 3533 719 3619 equi
738 3533 787 3597 sui
807 3531 993 3620 memoriam
1012 3531 1193 3600 Alexander
1205 3532 1366 3611 condidit,

234 3638 339 3704 soribi
356 3640 444 3703 varie
466 3661 579 3704 nomeu
602 3639 706 3719 solet,
725 3639 770 3703 ita
789 3638 851 3725 ipsi
873 3661 956 3727 equo
973 3639 1024 3703 vel
1043 3638 1258 3726 Bueeplmlor
1272 3637 1367 3702 datur

235 3766 357 3809 nomeu
382 3746 433 3853 rel
459 3743 693 3832 Bucephalus,
723 3767 861 3833 quorum
890 3746 972 3809 illud
995 3746 1140 3832 plurimis
1160 3743 1367 3831 scriptoribus

236 3862 406 3936 receptum
425 3853 538 3915 merito
558 3846 757 3939 tuetur'post
776 3851 973 3917 Gronovium
990 3851 1167 3916 Ellendtius
1183 3851 1223 3915 ed
1240 3850 1365 3915 Arrien.

236 3958 281 4026 V.
310 3958 362 4023 19.
387 3958 419 4023 7.
454 3957 580 4043 Equum
605 3958 699 4023 illum
727 3969 853 4045 praeter
876 3957 1092 4022 Alexandrum
1122 3956 1282 4022 admisisse
1306 3950 1367 4019 'ne-

237 4062 359 4128 minem
378 4084 549 4143 sessorem,
573 4075 694 4130 tautum
721 4085 933 4144 aesomnes,
957 4064 1016 4151 qui
1044 4063 1112 4146 ejus
1133 4063 1365 4142 meminerunt,

237 4170 359 4256 scripto
370 4168 578 4250 mandarunt3
597 4169 637 4234 de
650 4173 770 4236 ratione
781 4194 875 4251 vero,
899 4192 962 4258 qua
974 4168 1172 4255 Bucephalas
1182 4168 1216 4245 in
1228 4168 1367 4254 Philippi

238 4287 431 4364 potestatem
443 4276 583 4355 transiit,
598 4279 715 4342 nonita
728 4288 861 4345 constat.
886 4277 1000 4344 Chares
1012 4278 1056 4355 si,
1075 4276 1229 4342 tredecim
1241 4274 1367 4338 talentis

240 4394 402 4467 emptum,
422 4380 643 4466 douoydetum
663 4383 811 4469 Philippo
835 4383 930 4461 dixit,
951 4383 991 4447 de
1015 4384 1182 4447 Demarato
1205 4379 1368 4447 Corinthio

234 4491 368 4553 locutus
387 4508 454 4551 esse
473 4488 615 4570 ridetur,
632 4489 772 4575 Philippi
790 4488 936 4575 hospite,
960 4500 997 4553 ut
1013 4488 1106 4555 Diod.
1118 4489 1183 4554 Sic.
1196 4487 1300 4555 XVII.
1313 4488 1368 4554 76.

238 4595 355 4660 Contra
377 4595 618 4661 venumdatum
642 4595 790 4682 Philippo
813 4596 874 4681 ipsi
898 4618 915 4661 a
938 4594 1104 4661 Philonioo
1122 4593 1288 4672 Thessalo,
1312 4613 1368 4657 seu
