3300 5600
790 607 850 668 156

254 769 386 846 ἑαυτόν·
408 769 463 844 τόν
479 776 516 844 δὲ
531 775 753 861 Καλλισθένην
767 798 775 813 ·
801 767 999 862 «oolam,
1017 800 1133 862 φαναι,
1159 769 1288 842 ἔλαττον
1301 768 1390 860 ἔχω,

254 873 400 966 ἄπειμι.»
441 883 498 951 cu.
530 903 611 968 quae
642 881 682 945 de
712 881 922 960 Callisthene,
958 869 1390 966 προσκύνησινξῖοοοεῑοοῑθι

254 999 408 1073 negante,
433 990 586 1075 leguntur
615 987 699 1073 apud
726 989 815 1054 Curt.
842 989 931 1057 VIII.
953 992 985 1055 5.
1011 990 1051 1052 13
1072 1009 1152 1076 sqq,
1178 999 1210 1053 et
1230 989 1386 1076 Droysen.

254 1115 287 1179 p.
306 1095 372 1159 352
392 1115 443 1181 sq.
473 1096 510 1160 Iu
536 1105 686 1179 excerpto
711 1092 878 1159 Plutarchi
902 1114 931 1160 v.
956 1095 976 1158 4
1000 1108 1048 1180 sq:
1075 1091 1212 1158 delenda
1235 1094 1382 1166 ridentur

255 1201 351 1266 rerba
372 1195 404 1262 ἐν
424 1197 473 1282 τῷ
494 1192 681 1282 συμποσίῳ,
705 1201 777 1265 satir
794 1199 906 1283 jejune
924 1221 961 1264 er
982 1200 1143 1286 prioribus
1165 1202 1307 1287 repetita.

657 1390 660 1400 ‘
789 1409 846 1475 x1.

298 1584 462 1651 Plutarch.
486 1585 510 1650 l.
534 1585 557 1649 l.
583 1584 646 1653 LV.
680 1575 875 1649 Ἀποθανεῐν
901 1574 996 1647 αὐτὸν
1023 1579 1255 1670 (Καλλισθένη)
1274 1578 1304 1648 οἱ
1319 1581 1361 1663 μίν

255 1680 313 1756 ὑπ’
338 1679 549 1776 Ἀλεξάνδρου
574 1683 800 1776 κρεμασθέντα
821 1682 977 1773 λέγουσιν,
1000 1682 1033 1752 οἱ
1053 1675 1083 1752 δ’
1103 1682 1136 1751 ἐν
1156 1684 1273 1760 πέδαις
1291 1682 1359 1750 δεδι

256 1789 350 1876 μένον
375 1789 428 1857 καλ
456 1779 655 1879 νοσήσαντα·
682 1783 816 1878 Χάρης
845 1786 895 1870 δὲ,
924 1780 1006 1874 μετὰ
1032 1780 1089 1876 την
1117 1778 1274 1877 σύλληψιν
1297 1777 1359 1853 inti

257 1894 358 1982 μῆνας
369 1884 597 1982 φυλάττεσθαι
607 1891 783 1976 δεδεμένον,
805 1882 852 1967 οἷς
866 1888 898 1956 ἐν
912 1892 965 1976 τοῖ’
971 1888 1129 1979 συνεδρίῳ
1144 1887 1283 1980 κριθείη,
1296 1910 1359 1976 παρ

258 1987 349 2072 ὄντος
372 1988 638 2085 Ἀριστοτέλους·
665 1993 697 2062 ἐν
724 1987 777 2071 αἷς
802 1985 833 2060 δ’
853 1987 988 2082 ἡμέραις
1008 1985 1218 2082 Ἀλέξανδρος
1239 1989 1359 2061 ένΜαλ
1388 2020 1390 2037 =

258 2090 538 2189 λοῖςῦξυδροίκαις
551 2090 697 2189 ἐτρώθη,
708 2096 790 2190 περὶ
804 2092 861 2187 νην
872 2092 979 2166 Ἰνδίαν
992 2089 1180 2187 ἀποθανεῖν,
1195 2090 1360 2186 ὑπέρπαχυν
1383 2054 1390 2169 1

257 2193 425 2290 γενόμενον
444 2203 499 2269 καὶ
520 2192 770 2293 φθειριάσαντα.
820 2265 825 2276 ,

302 2307 399 2378 Varia
415 2309 638 2375 historicorum
654 2310 832 2374 testimonia
852 2308 892 2373 de
909 2309 1067 2395 supplicio
1085 2307 1282 2374 Callisthenis
1298 2323 1360 2371 coro·

259 2427 432 2480 memorata
447 2415 552 2480 rideas
564 2416 603 2481 ad
619 2415 756 2483 hristoh.
773 2417 900 2502 Fragm.
913 2416 1052 2484 XXVIII
1064 2439 1093 2502 p.
1109 2418 1152 2481 94
1170 2437 1219 2503 sq.
1236 2413 1360 2480 Omnium

260 2532 297 2585 ut
319 2533 366 2586 est
385 2522 641 2600 accuratissima,
665 2522 708 2586 ita
735 2543 802 2585 esse
828 2520 953 2589 videtur
969 2523 1129 2587 verissima
1145 2520 1228 2587 haec
1246 2515 1361 2588 charon

261 2628 411 2694 narratio.
430 2627 476 2694 CI.
501 2626 605 2695 Stahr.
627 2626 774 2693 Ari-rtet.
793 2628 808 2691 I
828 2651 860 2713 p.
884 2631 957 2695 129.
982 2627 1125 2693 Ilundem
1145 2644 1222 2692 vero
1237 2648 1298 2692 nou
1310 2625 1360 2687 lau·

261 2732 401 2798 dandum
431 2755 517 2813 esse,
544 2734 569 2796 si
589 2733 699 2798 Indiae
721 2735 808 2821 genti
824 2732 970 2801 Μαλλῶν
987 2722 1185 2820 Ὀξυδροίκιον
1202 2755 1312 2801 nomen
1326 2729 1362 2791 iu·

261 2841 396 2920 diderit,
425 2840 589 2927 colligitur
605 2863 642 2905 er
663 2841 720 2919 iis,
744 2862 827 2928 quae
850 2839 935 2905 dicta
956 2838 1085 2904 suntad
1102 2840 1242 2909 Aristob.
1260 2843 1363 2925 Fragm-

260 2947 328 3013 XLI
350 2970 381 3034 p.
406 2949 481 3013 110.

788 3073 861 3139 XII.

307 3247 470 3315 Plutarch.
498 3246 535 3313 V
533 3250 573 3313 it.
598 3246 697 3313 Plroo.
720 3248 825 3316 XVII.
857 3246 979 3338 Δοῦρις
1000 3247 1134 3337 εἴρηκεν,
1157 3238 1204 3323 ιδς
1217 3246 1314 3334 μέρος
1328 3259 1366 3330 ηε

261 3341 393 3434 vitreos
413 3344 660 3440 (Ἀλέξανδρος),
682 3350 737 3417 καί
751 3349 894 3441 Δαρείου
910 3342 1085 3441 κρατήσας,
1108 3342 1227 3439 ἀφεῖλε
1238 3352 1302 3417 τῶν
1314 3344 1366 3415 aa
1387 3335 1390 3386 ¹

254 3454 385 3540 στολῶν
405 3447 444 3522 τό
465 3455 642 3544 Χαίρειν,
665 3447 749 3544 πλην
769 3453 801 3522 ἐν
823 3448 917 3529 ὅσαις
938 3449 1064 3545 ἔγραφε
1086 3453 1243 3522 Φωκίωνι.
1269 3450 1368 3521 Τοῦτον

262 3556 300 3623 δὲ
316 3548 424 3642 μόνον,
439 3551 553 3647 ὥσπερ
569 3550 787 3648 Ἀντίπατρον,
802 3551 886 3644 μετέ
901 3559 961 3625 τοῦ
975 3556 1141 3648 Χαίρειν
1155 3548 1369 3649 προσηγόρευε.

264 3661 370 3728 Τοῦτο
392 3660 430 3727 δὲ
450 3660 504 3727 καί
525 3669 562 3728 X
565 3652 663 3751 οίρης
684 3652 844 3751 ἱστόρηκε.

229 3850 232 3860 ,
305 3767 409 3833 Geelii
426 3768 495 3836 Viri
519 3766 604 3836 Clar.
625 3768 843 3851 conjecturam
863 3790 921 3854 pro
943 3759 1057 3856 ὥσπερ
1077 3757 1293 3856 Ἀντίπατρον
1315 3787 1372 3833 oor·

262 3874 394 3960 rigentis
412 3864 596 3961 ὠσπερανελ
615 3871 744 3959 πατέρα
765 3876 923 3961 explicare
941 3887 973 3939 et
991 3874 1245 3960 argumentando
1265 3873 1374 3940 munire

262 3980 385 4045 studuit
412 3964 498 4047 doct.
527 4002 586 4045 van
611 3980 697 4045 Gent
721 3980 839 4067 Epist.
867 3984 946 4046 orit.
970 4003 1001 4066 p.
1026 3984 1067 4046 10
1087 4002 1158 4068 sqq.
1193 3980 1271 4045 Illihi
1291 3978 1375 4063 hojo

262 4087 344 4167 loci,
378 4088 521 4174 quamvis
545 4086 702 4151 sordidius
728 4111 746 4153 a
776 4088 949 4154 Plutarcho
976 4089 1105 4174 scripti,
1138 4087 1266 4173 vulgata
1292 4085 1377 4152 lectio

263 4194 336 4259 satis
354 4206 422 4259 tum
439 4194 577 4280 intelligi
599 4205 667 4259 tum
686 4216 760 4260 vero
779 4196 907 4261 delendi
926 4195 1175 4289 posse'ridetur3
1200 4196 1249 4258 sin
1265 4195 1378 4271 miuus,

262 4322 326 4365 non
342 4322 379 4365 ea
393 4300 539 4386 indigere
556 4300 732 4382 medicina,
753 4324 850 4389 quam
868 4304 897 4366 ei
914 4302 1043 4368 Geelius
1062 4302 1279 4388 praescripsit.
1297 4296 1381 4385 Quod

262 4417 437 4493 utrumque
456 4407 631 4476 ostendam.

307 4514 450 4577 Primum
467 4515 567 4601 igitur
589 4537 753 4594 moneam,
779 4539 841 4582 non
862 4518 962 4605 magis
980 4539 1055 4582 cum
1075 4515 1195 4582 Duride
1213 4515 1306 4581 nobie
1324 4535 1385 4580 rem

268 4640 349 4700 esse,
369 4642 464 4707 quam
486 4644 559 4687 cum
581 4623 771 4704 Plutarcho,
796 4624 860 4690 suis
881 4625 986 4690 verbis
1004 4626 1181 4703 referente,
1201 4643 1287 4709 quae
1306 4620 1385 4709 apud
