3300 5600
716 644 718 649 .
815 577 878 642 102

275 748 399 832 Fragm.
423 746 575 835 mm).
609 747 688 812 Nam
716 748 762 812 ibi
780 749 900 834 pariter
921 735 1092 816 Ἱππᾶσνοι
1119 747 1346 833 expellendum
1367 769 1451 819 cst

275 849 489 943 codicumque
512 842 638 918 Hdorot
648 854 876 940 corrigendum
888 843 1071 920 Ἀσπάσιοι.
1096 854 1238 919 Tandem
1256 866 1293 920 ut
1308 877 1451 925 emen-

274 961 397 1026 dationi
427 971 559 1024 nostrae
587 960 733 1027 cumulus
761 959 1076 1039 accedet,.otiosam
1100 942 1256 1048 expungo
1270 961 1450 1030 vaculus

261 1062 341 1142 ναὶ,
364 1077 402 1131 ut
422 1066 540 1152 legas:
569 1048 764 1152 ὡρμηκότων
784 1063 844 1148 μὲν
871 1102 911 1113 -
935 1054 1243 1149 Παροπαμνσᾶδων,
1274 1058 1356 1148 μετὰ
1387 1067 1452 1134 di

273 1163 401 1252 δυομάς
431 1158 606 1256 Πληϊάδων
629 1163 871 1255 decepimus
893 1191 921 1233 κ.
942 1163 1022 1230 ml„
1052 1168 1154 1234 Aliter
1175 1170 1285 1234 locum
1312 1181 1449 1238 tenta·

274 1276 446 1372 tumtlego
470 1297 488 1338 a
509 1272 691 1337 Muetzellio
717 1271 758 1336 ad
775 1273 865 1340 Curt.
894 1295 925 1357 p.
947 1273 1033 1352 79⁸,
1057 1275 1134 1361 qui,
1156 1296 1215 1360 pro
1233 1262 1448 1341 Ἶννννασὲανν

274 1405 312 1448 ex
332 1382 460 1450 Arrian.
481 1381 536 1449 vl.
559 1382 611 1445 16.
628 1381 663 1457 3,
680 1391 802 1459 serrato
821 1378 1080 1460 anachronismo,
1099 1369 1234 1464 Σάμβου
1254 1401 1389 1445 comme
1398 1403 1445 1443 ιν-

274 1487 369 1569 dans,
390 1487 538 1553 voculam
558 1479 596 1546 δὲ
618 1494 690 1569 post
709 1474 791 1566 μονοέ
812 1485 911 1563 tollit,
937 1496 969 1548 et
985 1477 1113 1568 δοομᾶς
1126 1474 1441 1572 Πληῖᾶδνννίοῑοὶ-

277 1596 352 1682 ligit
371 1593 411 1659 de
430 1615 547 1659 occasu
558 1588 725 1655 Pleiadum
740 1594 947 1676 vespertino,
967 1591 1096 1656 circiter
1111 1611 1156 1656 m.
1175 1590 1291 1676 Aprili.
1315 1591 1436 1668 Sarte,

197 1686 200 1697 ¹
274 1713 312 1766 ut
340 1724 434 1788 supra
460 1698 648 1775 monebam,
671 1685 838 1783 ἐξήκοντος
856 1695 916 1761 τοῦ
940 1684 1019 1783 ἦρος
1044 1695 1225 1761 Alexander
1252 1697 1286 1761 in
1312 1696 1430 1762 Indos

274 1809 408 1873 movisse
426 1804 580 1882 traditur3
603 1801 658 1868 sed
678 1802 728 1866 rel
750 1803 797 1866 sic
816 1813 921 1866 tamen
941 1803 1023 1868 viam
1046 1804 1268 1868 alduetnellio
1288 1801 1430 1867 indica·

275 1926 340 1978 tam
360 1925 398 1977 ut
417 1913 498 1976 inire
519 1911 615 1974 liceat
633 1906 803 1997 admodum
825 1929 947 1975 vereor.
981 1908 1050 1974 Imn
1072 1911 1289 1974 matutinum
1307 1910 1427 1975 Pleia·

275 2017 353 2082 dum
381 2038 531 2083 oceasum
559 2015 600 2080 ab
630 2013 816 2080 Aristobulo
844 2013 1024 2101 designari,
1054 2017 1253 2102 argumentis
1281 2036 1317 2081 ex
1344 2015 1426 2100 ipso

274 2125 454 2210 fragmento
477 2122 586 2208 petitis
607 2120 778 2207 probatum
797 2120 865 2186 ibo.
896 2122 1006 2185 Totins
1029 2124 1102 2186 anni
1122 2123 1205 2187 aeris
1225 2122 1423 2208 temperiem

273 2229 490 2315 descripturus
499 2277 509 2308 ,
519 2227 633 2312 incipit
642 2225 844 2292 Aristobulus
854 2227 895 2292 ab
905 2227 1208 2306 occasu-Pleiadum,
1221 2228 1421 2293 subdituros

196 2342 199 2348 '
272 2358 335 2401 non
346 2348 518 2414 aestatem,
538 2333 659 2420 quaesi
676 2334 910 2418 vespertinum
921 2354 1069 2399 occasum
1082 2336 1252 2420 cogitasset
1262 2333 1420 2414 deinceps
1434 2381 1439 2391 2

271 2441 474 2509 memoranda
481 2442 595 2504 fuisset
604 2490 612 2517 ‚
622 2437 675 2502 sed
687 2438 845 2518 hiemem,
858 2440 964 2503 stat-im
976 2441 1129 2505 transiens
1140 2439 1181 2504 ad
1191 2461 1324 2505 vernum
1336 2451 1420 2504 tem·

270 2571 329 2634 pus
341 2569 405 2635 quo
414 2548 446 2611 in
459 2546 642 2611 Taxilorum
653 2545 783 2630 regione
792 2544 979 2610 Macedones
990 2547 1073 2631 passi
1084 2569 1150 2611 esse
1161 2547 1279 2631 primas
1290 2545 1418 2633 pluvias

270 2655 423 2723 dicuntur
446 2651 583 2741 (Fragm.
614 2647 749 2735 XXX),
775 2673 833 2736 per
861 2662 1013 2716 aestatem
1034 2665 1066 2718 et
1087 2658 1225 2719 maxime
1247 2655 1319 2726 τοῖς
1342 2646 1417 2730 ἕνην

270 2759 354 2836 ciere
375 2760 563 2835 continuas,
583 2756 687 2822 donee
704 2749 924 2831 deucalioneos·
952 2747 1156 2846 'Apuroripov
1175 2765 1336 2837 cessarent
1349 2756 1416 2820 im-

268 2868 352 2935 bres.
387 2867 441 2932 Sic
468 2866 573 2930 omnia
601 2863 713 2928 ordine
741 2862 935 2946 procedunt.
970 2863 1107 2929 Accedit
1134 2865 1243 2952 quod,
1265 2863 1413 2930 sidiuet·

269 2974 355 3038 zellii
383 2972 683 3058 interpretationem
721 2969 966 3053 amplectimur,
1000 2971 1206 3036 Aristobulus
1234 2973 1269 3035 in
1301 2967 1411 3033 eadem

267 3078 484 3164 descriptione
506 3088 680 3161 utrumque
711 3074 879 3139 Pleiadum
910 3097 1059 3141 occasum
1078 3078 1262 3163 promiscue
1289 3074 1408 3140 indica·

268 3186 378 3249 verit:
402 3206 478 3248 nam
499 3205 585 3271 quae
607 3183 689 3246 infra
717 3183 897 3267 leguntur:
922 3180 1016 3247 πλεῖν
1042 3174 1244 3269 ἀρξαμένους
1268 3174 1337 3269 πρὸ
1355 3164 1407 3246 od-

268 3309 353 3363 σεως
374 3278 557 3376 Πληῖἁδος,
582 3287 622 3352 de
639 3288 795 3352 matutina
820 3275 912 3350 nina
928 3309 1022 3353 nemo
1044 3309 1107 3351 uon
1127 3286 1276 3371 accipiet.

310 3396 382 3460 Jam
399 3395 471 3459 loco
501 3395 623 3459 mendis
649 3404 805 3481 purgato,
832 3393 871 3458 de
901 3395 1106 3481 navigatione
1134 3391 1257 3480 aliquid
1284 3392 1402 3457 videtur

264 3500 472 3567 monendum.
507 3501 783 3566 Terris'omnibus
811 3522 916 3587 usque
946 3499 988 3565 ed
1014 3499 1179 3588 Hyphasin
1200 3501 1276 3564 Pori
1297 3494 1401 3564 ditioni

263 3601 415 3692 adjectis',
442 3605 624 3671 Alexander
650 3605 691 3671 ad
719 3606 915 3693 deraotem
947 3618 1047 3695 atque
1070 3606 1146 3670 hinc
1178 3605 1219 3669 ad
1241 3606 1401 3673 Acesinen

266 3736 431 3793 reversus,
466 3712 529 3778 hoc
561 3713 658 3779 fluvio
691 3701 845 3797 trajecto,
876 3715 994 3779 iterum
1024 3714 1111 3788 assir
1136 3711 1187 3777 ed-
1208 3712 1401 3799 Hydaspem,

263 3832 395 3888 auctore
413 3821 549 3884 Arriano
571 3821 611 3887 V.
632 3822 690 3886 29.
715 3822 818 3898 2-5;
844 3820 933 3906 quod
952 3820 1039 3884 idem
1064 3819 1271 3884 Aristobulus
1296 3816 1403 3903 paucis

269 3928 450 4013 eomplexus
477 3947 486 3989 ε
516 3911 680 4009 Νικήσοον
705 3916 762 3988 τὸν
788 3924 925 4009 Πῶρον,
949 3927 1073 4012 inquit,
1091 3912 1178 3995 ’ὁδός
1206 3910 1244 4009 ἦν
1272 3919 1330 3988 ἐπὶ
1355 3914 1405 3989 νον

267 4038 387 4097 Υπανιν
413 4021 562 4119 (Ὕφασιν
583 4028 736 4093 Arrianus
759 4026 864 4108 vocat)
891 4023 979 4117 πρὸς
1005 4028 1064 4109 ἕω,
1092 4018 1246 4113 κᾷκεῖθεν.
1270 4022 1329 4091 e'rnl
1354 4017 1407 4092 οόν

267 4125 415 4225 Υὸάσπην
444 4122 551 4199 πάλιν.
584 4136 712 4202 interea
740 4138 840 4201 classe
870 4136 1088 4222 complurium
1109 4132 1253 4219 variique
1282 4132 1408 4218 generis
1478 4167 1480 4178 ·

261 4251 389 4316 narium
406 4250 447 4315 ad
465 4250 526 4315 hoc
545 4249 666 4315 flumen
687 4261 870 4329 exstructa,
890 4240 1108 4335 Ἀλέξανδρος
1130 4239 1210 4331 ἔγνω
1231 4242 1410 4312 ustauhts

261 4357 342 4427 κοινοὶ
363 4356 419 4430 τὸν
440 4354 599 4452 Ὑδάσπην
620 4355 667 4439 ὠς
693 4362 751 4438 ἐπὶ
770 4355 829 4450 τήν
848 4352 991 4449 μεγάλην
1007 4349 1198 4437 θάλασσαν,
1219 4369 1257 4424 nt
1282 4358 1330 4424 nit
1346 4358 1412 4426 Ar·

257 4478 339 4544 riair.
367 4477 424 4545 Vt.
453 4481 494 4562 l.¹
510 4481 540 4544 1.
578 4478 686 4564 Atque
713 4477 768 4543 hic
799 4488 848 4542 est
875 4462 1063 4545 νονάπλονς
1089 4483 1197 4539 nostro
1226 4474 1426 4559 fragmento

256 4582 375 4662 «fietne,
401 4605 515 4670 quem,
536 4584 698 4651 sacrificiis
725 4584 793 4649 Diis
819 4582 983 4668 fluvioque
1009 4578 1152 4665 Hydaspi
1172 4580 1234 4646 rito
1252 4582 1412 4665 peractisp
