<?xml version="1.0" encoding="UTF-8"?>
<!DOCTYPE html PUBLIC "-//W3C//DTD XHTML 1.0 Transitional//EN"
    "http://www.w3.org/TR/xhtml1/DTD/xhtml1-transitional.dtd">
<html xmlns="http://www.w3.org/1999/xhtml" xml:lang="en" lang="en">
 <head>
  <title>
</title>
<meta http-equiv="Content-Type" content="text/html;charset=utf-8" />
  <meta name='ocr-system' content='tesseract 3.04.00' />
  <meta name='ocr-capabilities' content='ocr_page ocr_carea ocr_par ocr_line ocrx_word'/>
</head>
<body>
  <div class='ocr_page' id='page_1' title='image "./ptolemaeieordae00ptolgoog/ptolemaeieordae00ptolgoog_0029.png"; bbox 0 0 3300 5600; ppageno 0'>
   <div class='ocr_carea' id='block_1_1' title="bbox 222 754 1456 851">
    <p class='ocr_par' dir='ltr' id='par_1_1' title="bbox 222 754 1456 851">
     <span class='ocr_line' id='line_1_1' title="bbox 222 754 1456 851; baseline 0.009 -25"><span class='ocrx_word' id='word_1_1' title='bbox 222 759 367 848; x_wconf 85' lang='lat' dir='ltr'><strong>lustri¹);</strong></span> <span class='ocrx_word' id='word_1_2' title='bbox 388 781 452 849; x_wconf 88' lang='lat' dir='ltr'><strong>quo</strong></span> <span class='ocrx_word' id='word_1_3' title='bbox 471 760 558 827; x_wconf 92' lang='lat' dir='ltr'><strong>haud</strong></span> <span class='ocrx_word' id='word_1_4' title='bbox 577 763 643 827; x_wconf 90' lang='lat' dir='ltr'><strong>scio</strong></span> <span class='ocrx_word' id='word_1_5' title='bbox 669 785 709 828; x_wconf 88' lang='lat' dir='ltr'><strong>an</strong></span> <span class='ocrx_word' id='word_1_6' title='bbox 738 766 859 831; x_wconf 91' lang='lat' dir='ltr'><strong>lactum</strong></span> <span class='ocrx_word' id='word_1_7' title='bbox 878 767 936 847; x_wconf 85' lang='lat' dir='ltr'><strong>sit,</strong></span> <span class='ocrx_word' id='word_1_8' title='bbox 964 779 1001 832; x_wconf 93' lang='lat' dir='ltr'><strong>ut</strong></span> <span class='ocrx_word' id='word_1_9' title='bbox 1028 766 1092 851; x_wconf 89' lang='lat' dir='ltr'><strong>jam</strong></span> <span class='ocrx_word' id='word_1_10' title='bbox 1114 764 1298 836; x_wconf 77' lang='lat' dir='ltr'><strong>adolescens</strong></span> <span class='ocrx_word' id='word_1_11' title='bbox 1320 770 1359 836; x_wconf 91' lang='lat' dir='ltr'><strong>ad</strong></span> <span class='ocrx_word' id='word_1_12' title='bbox 1452 754 1456 763; x_wconf 55' lang='grc'>’</span> 
     </span>
    </p>
   </div>
   <div class='ocr_carea' id='block_1_2' title="bbox 222 1045 1363 2107">
    <p class='ocr_par' dir='ltr' id='par_1_2' title="bbox 222 1045 1363 2107">
     <span class='ocr_line' id='line_1_2' title="bbox 223 1045 1361 1121; baseline 0.012 -27"><span class='ocrx_word' id='word_1_13' title='bbox 223 1065 253 1114; x_wconf 87' lang='lat' dir='ltr'><strong>p.</strong></span> <span class='ocrx_word' id='word_1_14' title='bbox 271 1045 290 1095; x_wconf 77' lang='lat'>⁷</span> <span class='ocrx_word' id='word_1_15' title='bbox 305 1060 355 1111; x_wconf 72' lang='lat' dir='ltr'><strong>sq„</strong></span> <span class='ocrx_word' id='word_1_16' title='bbox 371 1047 415 1097; x_wconf 88' lang='lat' dir='ltr'><strong>sed</strong></span> <span class='ocrx_word' id='word_1_17' title='bbox 431 1047 576 1099; x_wconf 80' lang='lat' dir='ltr'><strong>invidorum</strong></span> <span class='ocrx_word' id='word_1_18' title='bbox 593 1050 759 1100; x_wconf 84' lang='lat' dir='ltr'><strong>llaoedonum</strong></span> <span class='ocrx_word' id='word_1_19' title='bbox 771 1053 918 1118; x_wconf 74' lang='lat' dir='ltr'><strong>ingenium,</strong></span> <span class='ocrx_word' id='word_1_20' title='bbox 935 1069 1000 1118; x_wconf 85' lang='lat' dir='ltr'><strong>quos</strong></span> <span class='ocrx_word' id='word_1_21' title='bbox 1011 1056 1118 1105; x_wconf 82' lang='lat' dir='ltr'><strong>Eumeni</strong></span> <span class='ocrx_word' id='word_1_22' title='bbox 1128 1057 1361 1121; x_wconf 85' lang='lat' dir='ltr'><strong>quoqueCardiano</strong></span> 
     </span>
     <span class='ocr_line' id='line_1_3' title="bbox 222 1132 1362 1206; baseline 0.011 -25"><span class='ocrx_word' id='word_1_23' title='bbox 222 1132 277 1183; x_wconf 88' lang='lat' dir='ltr'><strong>hoc</strong></span> <span class='ocrx_word' id='word_1_24' title='bbox 299 1133 403 1183; x_wconf 87' lang='lat' dir='ltr'><strong>nomiae</strong></span> <span class='ocrx_word' id='word_1_25' title='bbox 425 1150 478 1184; x_wconf 91' lang='lat' dir='ltr'><strong>non</strong></span> <span class='ocrx_word' id='word_1_26' title='bbox 502 1135 646 1201; x_wconf 71' lang='lat' dir='ltr'><strong>pepercisse</strong></span> <span class='ocrx_word' id='word_1_27' title='bbox 664 1142 780 1196; x_wconf 64' lang='lat' dir='ltr'><strong>eonstste</strong></span> <span class='ocrx_word' id='word_1_28' title='bbox 801 1138 837 1188; x_wconf 92' lang='lat' dir='ltr'><strong>ita</strong></span> <span class='ocrx_word' id='word_1_29' title='bbox 850 1138 966 1201; x_wconf 80' lang='lat' dir='ltr'><strong>falsitatis</strong></span> <span class='ocrx_word' id='word_1_30' title='bbox 983 1154 1091 1203; x_wconf 83' lang='lat' dir='ltr'><strong>arguere</strong></span> <span class='ocrx_word' id='word_1_31' title='bbox 1109 1157 1168 1191; x_wconf 86' lang='lat' dir='ltr'><strong>sane</strong></span> <span class='ocrx_word' id='word_1_32' title='bbox 1185 1158 1260 1206; x_wconf 84' lang='lat' dir='ltr'><strong>quam</strong></span> <span class='ocrx_word' id='word_1_33' title='bbox 1281 1144 1362 1193; x_wconf 85' lang='lat' dir='ltr'><strong>iacilis</strong></span> 
     </span>
     <span class='ocr_line' id='line_1_4' title="bbox 223 1219 1360 1297; baseline 0.008 -27"><span class='ocrx_word' id='word_1_34' title='bbox 223 1236 267 1270; x_wconf 83' lang='lat' dir='ltr'><strong>res</strong></span> <span class='ocrx_word' id='word_1_35' title='bbox 284 1223 341 1283; x_wconf 89' lang='lat' dir='ltr'><strong>est,</strong></span> <span class='ocrx_word' id='word_1_36' title='bbox 357 1219 433 1270; x_wconf 92' lang='lat' dir='ltr'><strong>modo</strong></span> <span class='ocrx_word' id='word_1_37' title='bbox 448 1219 497 1270; x_wconf 91' lang='lat' dir='ltr'><strong>hoc</strong></span> <span class='ocrx_word' id='word_1_38' title='bbox 515 1236 594 1271; x_wconf 91' lang='lat' dir='ltr'><strong>unum</strong></span> <span class='ocrx_word' id='word_1_39' title='bbox 610 1227 755 1288; x_wconf 85' lang='lat' dir='ltr'><strong>teneamus,</strong></span> <span class='ocrx_word' id='word_1_40' title='bbox 767 1223 929 1290; x_wconf 84' lang='lat' dir='ltr'><strong>Philippum,</strong></span> <span class='ocrx_word' id='word_1_41' title='bbox 945 1232 1032 1276; x_wconf 92' lang='lat' dir='ltr'><strong>natum</strong></span> <span class='ocrx_word' id='word_1_42' title='bbox 1048 1243 1071 1276; x_wconf 88' lang='lat' dir='ltr'><strong>a.</strong></span> <span class='ocrx_word' id='word_1_43' title='bbox 1089 1226 1141 1277; x_wconf 79' lang='lat'><strong>282</strong></span> <span class='ocrx_word' id='word_1_44' title='bbox 1160 1228 1271 1295; x_wconf 83' lang='lat' dir='ltr'><strong>(clinton</strong></span> <span class='ocrx_word' id='word_1_45' title='bbox 1286 1231 1360 1297; x_wconf 63' lang='lat' dir='ltr'><strong>RH.</strong></span> 
     </span>
     <span class='ocr_line' id='line_1_5' title="bbox 223 1305 1361 1381; baseline 0.007 -24"><span class='ocrx_word' id='word_1_46' title='bbox 223 1306 266 1357; x_wconf 91' lang='lat' dir='ltr'><strong>ed.</strong></span> <span class='ocrx_word' id='word_1_47' title='bbox 290 1306 387 1368; x_wconf 82' lang='lat' dir='ltr'><strong>Krueg.</strong></span> <span class='ocrx_word' id='word_1_48' title='bbox 413 1323 438 1373; x_wconf 92' lang='lat' dir='ltr'><strong>p.</strong></span> <span class='ocrx_word' id='word_1_49' title='bbox 464 1305 530 1372; x_wconf 79' lang='lat'><strong>132,</strong></span> <span class='ocrx_word' id='word_1_50' title='bbox 556 1305 636 1374; x_wconf 70' lang='lat' dir='ltr'><strong>tte),</strong></span> <span class='ocrx_word' id='word_1_51' title='bbox 657 1325 680 1359; x_wconf 93' lang='lat' dir='ltr'><strong>a.</strong></span> <span class='ocrx_word' id='word_1_52' title='bbox 696 1308 758 1374; x_wconf 84' lang='grc'><strong>367,</strong></span> <span class='ocrx_word' id='word_1_53' title='bbox 777 1326 829 1375; x_wconf 88' lang='lat' dir='ltr'><strong>quo</strong></span> <span class='ocrx_word' id='word_1_54' title='bbox 849 1311 1021 1362; x_wconf 79' lang='lat' dir='ltr'><strong>Ptolemaeum</strong></span> <span class='ocrx_word' id='word_1_55' title='bbox 1043 1315 1161 1376; x_wconf 89' lang='lat' dir='ltr'><strong>genitum</strong></span> <span class='ocrx_word' id='word_1_56' title='bbox 1186 1315 1361 1381; x_wconf 79' lang='lat' dir='ltr'><strong>probavimus,</strong></span> 
     </span>
     <span class='ocr_line' id='line_1_6' title="bbox 224 1391 1362 1461; baseline 0.01 -21"><span class='ocrx_word' id='word_1_57' title='bbox 224 1391 376 1456; x_wconf 87' lang='lat' dir='ltr'><strong>quindecim</strong></span> <span class='ocrx_word' id='word_1_58' title='bbox 391 1408 517 1443; x_wconf 89' lang='lat' dir='ltr'><strong>annorum</strong></span> <span class='ocrx_word' id='word_1_59' title='bbox 532 1394 721 1444; x_wconf 87' lang='lat' dir='ltr'><strong>adolescentem</strong></span> <span class='ocrx_word' id='word_1_60' title='bbox 738 1395 805 1460; x_wconf 91' lang='lat' dir='ltr'><strong>apud</strong></span> <span class='ocrx_word' id='word_1_61' title='bbox 818 1396 950 1448; x_wconf 81' lang='lat' dir='ltr'><strong>Thebanos</strong></span> <span class='ocrx_word' id='word_1_62' title='bbox 959 1398 1072 1448; x_wconf 87' lang='lat' dir='ltr'><strong>obsidem</strong></span> <span class='ocrx_word' id='word_1_63' title='bbox 1082 1398 1190 1461; x_wconf 83' lang='lat' dir='ltr'><strong>degiese.</strong></span> <span class='ocrx_word' id='word_1_64' title='bbox 1209 1402 1245 1451; x_wconf 83' lang='lat' dir='ltr'><strong>Gt.</strong></span> <span class='ocrx_word' id='word_1_65' title='bbox 1257 1402 1362 1450; x_wconf 85' lang='lat' dir='ltr'><strong>Geierus</strong></span> 
     </span>
     <span class='ocr_line' id='line_1_7' title="bbox 224 1475 1362 1551; baseline 0.009 -25"><span class='ocrx_word' id='word_1_66' title='bbox 224 1495 251 1544; x_wconf 90' lang='lat' dir='ltr'><strong>p.</strong></span> <span class='ocrx_word' id='word_1_67' title='bbox 264 1476 290 1531; x_wconf 88' lang='grc'><strong>6.</strong></span> <span class='ocrx_word' id='word_1_68' title='bbox 306 1475 442 1528; x_wconf 79' lang='grc' dir='ltr'><strong>ΑΙιιοίιιαιί</strong></span> <span class='ocrx_word' id='word_1_69' title='bbox 459 1486 547 1530; x_wconf 86' lang='lat' dir='ltr'><strong>autem</strong></span> <span class='ocrx_word' id='word_1_70' title='bbox 556 1481 721 1531; x_wconf 88' lang='lat' dir='ltr'><strong>Scholiastam</strong></span> <span class='ocrx_word' id='word_1_71' title='bbox 734 1483 842 1534; x_wconf 84' lang='lat' dir='ltr'><strong>Theocr.</strong></span> <span class='ocrx_word' id='word_1_72' title='bbox 851 1482 940 1551; x_wconf 73' lang='lat' dir='ltr'><strong>(lagu.</strong></span> <span class='ocrx_word' id='word_1_73' title='bbox 949 1486 1027 1538; x_wconf 84' lang='lat' dir='ltr'><strong>xvll.</strong></span> <span class='ocrx_word' id='word_1_74' title='bbox 1037 1483 1098 1550; x_wconf 81' lang='grc'><strong>41),</strong></span> <span class='ocrx_word' id='word_1_75' title='bbox 1112 1485 1214 1548; x_wconf 89' lang='lat' dir='ltr'><strong>quando</strong></span> <span class='ocrx_word' id='word_1_76' title='bbox 1223 1487 1362 1537; x_wconf 79' lang='lat' dir='ltr'><strong>Ptolemaei</strong></span> 
     </span>
     <span class='ocr_line' id='line_1_8' title="bbox 224 1560 1361 1652; baseline 0.011 -29"><span class='ocrx_word' id='word_1_77' title='bbox 224 1579 323 1640; x_wconf 83' lang='lat' dir='ltr'><strong>patrem</strong></span> <span class='ocrx_word' id='word_1_78' title='bbox 347 1564 538 1646; x_wconf 63' lang='lat' dir='ltr'><strong>Htoikgtoel&#39;ov</strong></span> <span class='ocrx_word' id='word_1_79' title='bbox 558 1560 613 1628; x_wconf 73' lang='grc' dir='ltr'><strong>τὸν</strong></span> <span class='ocrx_word' id='word_1_80' title='bbox 634 1561 768 1648; x_wconf 70' lang='grc' dir='ltr'><strong>Λαγωὸν</strong></span> <span class='ocrx_word' id='word_1_81' title='bbox 785 1582 873 1642; x_wconf 81' lang='lat' dir='ltr'><strong>vocat,</strong></span> <span class='ocrx_word' id='word_1_82' title='bbox 885 1575 948 1641; x_wconf 89' lang='lat' dir='ltr'><strong>quid</strong></span> <span class='ocrx_word' id='word_1_83' title='bbox 955 1574 1096 1627; x_wconf 83' lang='lat' dir='ltr'><strong>moneam?</strong></span> <span class='ocrx_word' id='word_1_84' title='bbox 1111 1565 1242 1652; x_wconf 65' lang='lat' dir='ltr'><strong>Acywdg</strong></span> <span class='ocrx_word' id='word_1_85' title='bbox 1259 1590 1361 1649; x_wconf 84' lang='lat' dir='ltr'><strong>tamen,</strong></span> 
     </span>
     <span class='ocr_line' id='line_1_9' title="bbox 229 1668 1363 1740; baseline 0.007 -22"><span class='ocrx_word' id='word_1_86' title='bbox 229 1669 295 1733; x_wconf 89' lang='lat' dir='ltr'><strong>quod</strong></span> <span class='ocrx_word' id='word_1_87' title='bbox 309 1670 407 1733; x_wconf 87' lang='lat' dir='ltr'><strong>legitur</strong></span> <span class='ocrx_word' id='word_1_88' title='bbox 427 1671 504 1720; x_wconf 88' lang='lat' dir='ltr'><strong>etiam</strong></span> <span class='ocrx_word' id='word_1_89' title='bbox 520 1671 547 1720; x_wconf 94' lang='lat' dir='ltr'><strong>in</strong></span> <span class='ocrx_word' id='word_1_90' title='bbox 569 1671 628 1720; x_wconf 75' lang='lat' dir='ltr'><strong>Vita</strong></span> <span class='ocrx_word' id='word_1_91' title='bbox 647 1673 752 1721; x_wconf 77' lang='lat' dir='ltr'><strong>Theoer.</strong></span> <span class='ocrx_word' id='word_1_92' title='bbox 771 1668 804 1720; x_wconf 88' lang='lat' dir='ltr'><strong>ah</strong></span> <span class='ocrx_word' id='word_1_93' title='bbox 822 1669 955 1731; x_wconf 70' lang='lat' dir='ltr'><strong>anonymo</strong></span> <span class='ocrx_word' id='word_1_94' title='bbox 976 1668 1085 1735; x_wconf 79' lang='lat' dir='ltr'><strong>scripta,</strong></span> <span class='ocrx_word' id='word_1_95' title='bbox 1103 1674 1211 1740; x_wconf 88' lang='lat' dir='ltr'><strong>probum</strong></span> <span class='ocrx_word' id='word_1_96' title='bbox 1228 1680 1283 1740; x_wconf 87' lang='lat' dir='ltr'><strong>est,</strong></span> <span class='ocrx_word' id='word_1_97' title='bbox 1301 1691 1363 1725; x_wconf 89' lang='lat' dir='ltr'><strong>con·</strong></span> 
     </span>
     <span class='ocr_line' id='line_1_10' title="bbox 230 1753 1360 1827; baseline 0.005 -25"><span class='ocrx_word' id='word_1_98' title='bbox 230 1753 354 1807; x_wconf 78' lang='lat' dir='ltr'><strong>firmatum</strong></span> <span class='ocrx_word' id='word_1_99' title='bbox 363 1759 505 1821; x_wconf 77' lang='lat' dir='ltr'><strong>fragmento</strong></span> <span class='ocrx_word' id='word_1_100' title='bbox 514 1757 670 1807; x_wconf 86' lang='lat' dir='ltr'><strong>Philemonis</strong></span> <span class='ocrx_word' id='word_1_101' title='bbox 685 1759 713 1807; x_wconf 91' lang='lat' dir='ltr'><strong>in</strong></span> <span class='ocrx_word' id='word_1_102' title='bbox 728 1757 852 1807; x_wconf 82' lang='lat' dir='ltr'><strong>Valckeu.</strong></span> <span class='ocrx_word' id='word_1_103' title='bbox 870 1753 963 1805; x_wconf 66' lang='grc' dir='ltr'><strong>Δαναΐ.</strong></span> <span class='ocrx_word' id='word_1_104' title='bbox 979 1753 1014 1803; x_wconf 88' lang='lat' dir='ltr'><strong>ad</strong></span> <span class='ocrx_word' id='word_1_105' title='bbox 1023 1755 1152 1811; x_wconf 67' lang='grc' dir='ltr'><strong>Δαυνίαν.</strong></span> <span class='ocrx_word' id='word_1_106' title='bbox 1161 1777 1187 1826; x_wconf 90' lang='lat' dir='ltr'><strong>p.</strong></span> <span class='ocrx_word' id='word_1_107' title='bbox 1197 1760 1248 1811; x_wconf 81' lang='lat'><strong>400</strong></span> <span class='ocrx_word' id='word_1_108' title='bbox 1258 1762 1291 1827; x_wconf 79' lang='lat' dir='ltr'><strong>A,</strong></span> <span class='ocrx_word' id='word_1_109' title='bbox 1301 1760 1360 1809; x_wconf 86' lang='lat' dir='ltr'><strong>uhi:</strong></span> 
     </span>
     <span class='ocr_line' id='line_1_11' title="bbox 225 1836 1363 1925; baseline -0.002 -23"><span class='ocrx_word' id='word_1_110' title='bbox 225 1838 378 1924; x_wconf 77' lang='grc' dir='ltr'><strong>Λαγίὸης,</strong></span> <span class='ocrx_word' id='word_1_111' title='bbox 398 1836 634 1925; x_wconf 75' lang='grc' dir='ltr'><strong>πατρωνυμικδν,</strong></span> <span class='ocrx_word' id='word_1_112' title='bbox 662 1839 695 1904; x_wconf 70' lang='grc' dir='ltr'><strong>ἔκ</strong></span> <span class='ocrx_word' id='word_1_113' title='bbox 720 1839 775 1904; x_wconf 82' lang='grc' dir='ltr'><strong><em>τοῦ</em></strong></span> <span class='ocrx_word' id='word_1_114' title='bbox 795 1836 937 1921; x_wconf 75' lang='grc' dir='ltr'><strong>Λαγωοῦ.</strong></span> <span class='ocrx_word' id='word_1_115' title='bbox 952 1873 991 1886; x_wconf 91' lang='grc'><strong>-</strong></span> <span class='ocrx_word' id='word_1_116' title='bbox 1015 1849 1101 1899; x_wconf 86' lang='lat' dir='ltr'><strong>llatrie</strong></span> <span class='ocrx_word' id='word_1_117' title='bbox 1122 1867 1232 1917; x_wconf 90' lang='lat' dir='ltr'><strong>nomen,</strong></span> <span class='ocrx_word' id='word_1_118' title='bbox 1248 1857 1363 1919; x_wconf 88' lang='lat' dir='ltr'><strong>praeter-</strong></span> 
     </span>
     <span class='ocr_line' id='line_1_12' title="bbox 225 1940 1361 2014; baseline -0.006 -18"><span class='ocrx_word' id='word_1_119' title='bbox 225 1961 302 2012; x_wconf 83' lang='lat' dir='ltr'><strong>quam</strong></span> <span class='ocrx_word' id='word_1_120' title='bbox 315 1946 408 2006; x_wconf 87' lang='lat' dir='ltr'><strong>Suidae</strong></span> <span class='ocrx_word' id='word_1_121' title='bbox 421 1946 440 1997; x_wconf 95' lang='lat' dir='ltr'><strong>l.</strong></span> <span class='ocrx_word' id='word_1_122' title='bbox 449 1946 626 2012; x_wconf 79' lang='lat' dir='ltr'><strong>l.,Porphyrio</strong></span> <span class='ocrx_word' id='word_1_123' title='bbox 641 1947 764 1997; x_wconf 90' lang='lat' dir='ltr'><strong>dehemus</strong></span> <span class='ocrx_word' id='word_1_124' title='bbox 777 1946 828 2014; x_wconf 83' lang='lat' dir='ltr'><strong>(ap.</strong></span> <span class='ocrx_word' id='word_1_125' title='bbox 837 1943 930 1994; x_wconf 82' lang='lat' dir='ltr'><strong>Eueeh.</strong></span> <span class='ocrx_word' id='word_1_126' title='bbox 940 1942 980 1992; x_wconf 93' lang='lat' dir='ltr'><strong>ed.</strong></span> <span class='ocrx_word' id='word_1_127' title='bbox 999 1943 1062 1992; x_wconf 85' lang='lat' dir='ltr'><strong>ldaio</strong></span> <span class='ocrx_word' id='word_1_128' title='bbox 1077 1942 1099 1992; x_wconf 91' lang='lat'><strong>1.</strong></span> <span class='ocrx_word' id='word_1_129' title='bbox 1111 1940 1155 2008; x_wconf 76' lang='lat'><strong>22,</strong></span> <span class='ocrx_word' id='word_1_130' title='bbox 1164 1941 1260 1994; x_wconf 82' lang='lat' dir='ltr'><strong>Aneed.</strong></span> <span class='ocrx_word' id='word_1_131' title='bbox 1271 1944 1361 1997; x_wconf 77' lang='lat' dir='ltr'><strong>Graec,</strong></span> 
     </span>
     <span class='ocr_line' id='line_1_13' title="bbox 224 2019 1361 2107; baseline -0.003 -18"><span class='ocrx_word' id='word_1_132' title='bbox 224 2038 265 2089; x_wconf 75' lang='lat' dir='ltr'><strong>ed.</strong></span> <span class='ocrx_word' id='word_1_133' title='bbox 284 2041 387 2090; x_wconf 78' lang='lat' dir='ltr'><strong>Cramer</strong></span> <span class='ocrx_word' id='word_1_134' title='bbox 409 2039 435 2088; x_wconf 90' lang='lat' dir='ltr'><strong>ll</strong></span> <span class='ocrx_word' id='word_1_135' title='bbox 461 2056 487 2106; x_wconf 87' lang='lat' dir='ltr'><strong>p.</strong></span> <span class='ocrx_word' id='word_1_136' title='bbox 510 2039 581 2106; x_wconf 78' lang='grc'><strong>120.)</strong></span> <span class='ocrx_word' id='word_1_137' title='bbox 602 2047 629 2090; x_wconf 92' lang='lat' dir='ltr'><strong>et</strong></span> <span class='ocrx_word' id='word_1_138' title='bbox 644 2040 770 2090; x_wconf 83' lang='lat' dir='ltr'><strong>Eudociae</strong></span> <span class='ocrx_word' id='word_1_139' title='bbox 784 2057 808 2093; x_wconf 83' lang='lat' dir='ltr'><strong>v.</strong></span> <span class='ocrx_word' id='word_1_140' title='bbox 833 2030 926 2092; x_wconf 84' lang='grc' dir='ltr'><strong>Πτολ.</strong></span> <span class='ocrx_word' id='word_1_141' title='bbox 949 2019 967 2088; x_wconf 74' lang='grc' dir='ltr'><em>ὅ</em></span> <span class='ocrx_word' id='word_1_142' title='bbox 989 2020 1109 2099; x_wconf 73' lang='grc' dir='ltr'><strong>Κλαῦδ.</strong></span> <span class='ocrx_word' id='word_1_143' title='bbox 1130 2058 1155 2107; x_wconf 89' lang='lat' dir='ltr'><strong>p.</strong></span> <span class='ocrx_word' id='word_1_144' title='bbox 1175 2039 1240 2104; x_wconf 84' lang='grc'><strong>366,</strong></span> <span class='ocrx_word' id='word_1_145' title='bbox 1259 2055 1290 2089; x_wconf 90' lang='lat' dir='ltr'><strong>ex</strong></span> <span class='ocrx_word' id='word_1_146' title='bbox 1310 2052 1361 2103; x_wconf 89' lang='lat' dir='ltr'><strong>quo</strong></span> 
     </span>
    </p>
   </div>
   <div class='ocr_carea' id='block_1_3' title="bbox 224 2128 1391 3078">
    <p class='ocr_par' dir='ltr' id='par_1_3' title="bbox 224 2128 1361 2730">
     <span class='ocr_line' id='line_1_14' title="bbox 224 2128 1361 2196; baseline -0.001 -20"><span class='ocrx_word' id='word_1_147' title='bbox 224 2128 297 2194; x_wconf 89' lang='lat' dir='ltr'><strong>loeo,</strong></span> <span class='ocrx_word' id='word_1_148' title='bbox 313 2143 373 2178; x_wconf 89' lang='lat' dir='ltr'><strong>mox</strong></span> <span class='ocrx_word' id='word_1_149' title='bbox 389 2130 540 2194; x_wconf 87' lang='lat' dir='ltr'><strong>tractando,</strong></span> <span class='ocrx_word' id='word_1_150' title='bbox 560 2130 630 2194; x_wconf 90' lang='lat' dir='ltr'><strong>quod</strong></span> <span class='ocrx_word' id='word_1_151' title='bbox 648 2131 805 2196; x_wconf 88' lang='lat' dir='ltr'><strong>suspicamur</strong></span> <span class='ocrx_word' id='word_1_152' title='bbox 820 2132 940 2194; x_wconf 73' lang='lat' dir='ltr'><strong>Meleagri</strong></span> <span class='ocrx_word' id='word_1_153' title='bbox 962 2131 1039 2180; x_wconf 86' lang='lat' dir='ltr'><strong>iuiaso</strong></span> <span class='ocrx_word' id='word_1_154' title='bbox 1056 2130 1150 2196; x_wconf 86' lang='lat' dir='ltr'><strong>liliam,</strong></span> <span class='ocrx_word' id='word_1_155' title='bbox 1167 2131 1193 2178; x_wconf 92' lang='lat' dir='ltr'><strong>id</strong></span> <span class='ocrx_word' id='word_1_156' title='bbox 1210 2131 1263 2195; x_wconf 89' lang='lat' dir='ltr'><strong>jam</strong></span> <span class='ocrx_word' id='word_1_157' title='bbox 1279 2128 1361 2193; x_wconf 89' lang='lat' dir='ltr'><strong>palam</strong></span> 
     </span>
     <span class='ocr_line' id='line_1_15' title="bbox 225 2203 1360 2283; baseline -0.002 -20"><span class='ocrx_word' id='word_1_158' title='bbox 225 2219 309 2264; x_wconf 87' lang='lat' dir='ltr'><strong>estex</strong></span> <span class='ocrx_word' id='word_1_159' title='bbox 327 2214 424 2266; x_wconf 82' lang='lat' dir='ltr'><strong>Aneed.</strong></span> <span class='ocrx_word' id='word_1_160' title='bbox 439 2203 508 2266; x_wconf 86' lang='lat' dir='ltr'><strong>laud.</strong></span> <span class='ocrx_word' id='word_1_161' title='bbox 525 2232 550 2281; x_wconf 94' lang='lat' dir='ltr'><strong>p.</strong></span> <span class='ocrx_word' id='word_1_162' title='bbox 569 2213 629 2265; x_wconf 82' lang='lat'><strong>272.</strong></span> <span class='ocrx_word' id='word_1_163' title='bbox 655 2216 747 2266; x_wconf 86' lang='lat' dir='ltr'><strong>lisdem</strong></span> <span class='ocrx_word' id='word_1_164' title='bbox 766 2218 872 2268; x_wconf 80' lang='lat' dir='ltr'><strong>sortasse</strong></span> <span class='ocrx_word' id='word_1_165' title='bbox 889 2217 1037 2283; x_wconf 89' lang='lat' dir='ltr'><strong>parentibus</strong></span> <span class='ocrx_word' id='word_1_166' title='bbox 1053 2222 1128 2265; x_wconf 91' lang='lat' dir='ltr'><strong>natus</strong></span> <span class='ocrx_word' id='word_1_167' title='bbox 1150 2216 1199 2265; x_wconf 82' lang='lat' dir='ltr'><strong>luit</strong></span> <span class='ocrx_word' id='word_1_168' title='bbox 1216 2214 1360 2276; x_wconf 86' lang='lat' dir='ltr'><strong>llenelaue,</strong></span> 
     </span>
     <span class='ocr_line' id='line_1_16' title="bbox 224 2299 1360 2369; baseline -0.001 -20"><span class='ocrx_word' id='word_1_169' title='bbox 224 2301 256 2350; x_wconf 87' lang='lat' dir='ltr'><strong>de</strong></span> <span class='ocrx_word' id='word_1_170' title='bbox 272 2317 326 2365; x_wconf 88' lang='lat' dir='ltr'><strong>quo</strong></span> <span class='ocrx_word' id='word_1_171' title='bbox 337 2301 388 2351; x_wconf 81' lang='lat' dir='ltr'><strong>aid.</strong></span> <span class='ocrx_word' id='word_1_172' title='bbox 407 2300 479 2350; x_wconf 84' lang='lat' dir='ltr'><strong>niod.</strong></span> <span class='ocrx_word' id='word_1_173' title='bbox 498 2301 548 2351; x_wconf 84' lang='lat' dir='ltr'><strong>Sic.</strong></span> <span class='ocrx_word' id='word_1_174' title='bbox 566 2301 633 2352; x_wconf 81' lang='lat' dir='ltr'><strong>xlx.</strong></span> <span class='ocrx_word' id='word_1_175' title='bbox 651 2300 699 2366; x_wconf 80' lang='lat'><strong>62,</strong></span> <span class='ocrx_word' id='word_1_176' title='bbox 718 2302 771 2354; x_wconf 78' lang='lat' dir='ltr'><strong>XX.</strong></span> <span class='ocrx_word' id='word_1_177' title='bbox 790 2302 824 2353; x_wconf 77' lang='lat'><strong>47</strong></span> <span class='ocrx_word' id='word_1_178' title='bbox 842 2320 897 2368; x_wconf 86' lang='lat' dir='ltr'><strong>sqq.</strong></span> <span class='ocrx_word' id='word_1_179' title='bbox 916 2304 1040 2369; x_wconf 85' lang='lat' dir='ltr'><strong>Tandem,</strong></span> <span class='ocrx_word' id='word_1_180' title='bbox 1060 2303 1081 2352; x_wconf 88' lang='lat' dir='ltr'><strong>ei</strong></span> <span class='ocrx_word' id='word_1_181' title='bbox 1098 2303 1209 2368; x_wconf 84' lang='lat' dir='ltr'><strong>Dexippo</strong></span> <span class='ocrx_word' id='word_1_182' title='bbox 1227 2301 1291 2350; x_wconf 82' lang='lat' dir='ltr'><strong>fides</strong></span> <span class='ocrx_word' id='word_1_183' title='bbox 1310 2299 1360 2366; x_wconf 87' lang='lat' dir='ltr'><strong>(ap.</strong></span> 
     </span>
     <span class='ocr_line' id='line_1_17' title="bbox 224 2386 1361 2465; baseline -0.003 -29"><span class='ocrx_word' id='word_1_184' title='bbox 224 2386 338 2451; x_wconf 70' lang='lat' dir='ltr'><strong>Syneell.</strong></span> <span class='ocrx_word' id='word_1_185' title='bbox 364 2388 504 2465; x_wconf 59' lang='lat' dir='ltr'><strong>straunge.</strong></span> <span class='ocrx_word' id='word_1_186' title='bbox 532 2387 573 2436; x_wconf 89' lang='lat' dir='ltr'><strong>ed.</strong></span> <span class='ocrx_word' id='word_1_187' title='bbox 607 2387 717 2438; x_wconf 83' lang='lat' dir='ltr'><strong>Dindori</strong></span> <span class='ocrx_word' id='word_1_188' title='bbox 741 2392 754 2439; x_wconf 97' lang='lat' dir='ltr'><strong>l</strong></span> <span class='ocrx_word' id='word_1_189' title='bbox 776 2408 801 2456; x_wconf 94' lang='lat' dir='ltr'><strong>p.</strong></span> <span class='ocrx_word' id='word_1_190' title='bbox 825 2390 894 2455; x_wconf 81' lang='lat'><strong>506,</strong></span> <span class='ocrx_word' id='word_1_191' title='bbox 919 2389 1000 2455; x_wconf 79' lang='grc'><strong>513),</strong></span> <span class='ocrx_word' id='word_1_192' title='bbox 1030 2390 1174 2440; x_wconf 86' lang='lat' dir='ltr'><strong>Ptolemaeo</strong></span> <span class='ocrx_word' id='word_1_193' title='bbox 1199 2386 1361 2446; x_wconf 73' lang='lat' dir='ltr'><strong>etiamoltor</strong></span> 
     </span>
     <span class='ocr_line' id='line_1_18' title="bbox 225 2466 1361 2559; baseline 0.001 -27"><span class='ocrx_word' id='word_1_194' title='bbox 225 2485 273 2533; x_wconf 82' lang='lat' dir='ltr'><strong>tait</strong></span> <span class='ocrx_word' id='word_1_195' title='bbox 289 2485 385 2550; x_wconf 71' lang='lat' dir='ltr'><strong>statar,</strong></span> <span class='ocrx_word' id='word_1_196' title='bbox 407 2485 548 2548; x_wconf 70' lang='lat' dir='ltr'><strong>Meleager,</strong></span> <span class='ocrx_word' id='word_1_197' title='bbox 564 2466 643 2554; x_wconf 74' lang='grc' dir='ltr'><em>πρός</em></span> <span class='ocrx_word' id='word_1_198' title='bbox 662 2467 763 2555; x_wconf 73' lang='grc' dir='ltr'><strong>ὀλίγας</strong></span> <span class='ocrx_word' id='word_1_199' title='bbox 786 2468 903 2559; x_wconf 72' lang='grc' dir='ltr'><strong>ἡμέρας</strong></span> <span class='ocrx_word' id='word_1_200' title='bbox 923 2468 1122 2549; x_wconf 69' lang='grc' dir='ltr'><em>δυναστεύσας</em></span> <span class='ocrx_word' id='word_1_201' title='bbox 1141 2470 1190 2536; x_wconf 79' lang='grc' dir='ltr'><strong>καὶ</strong></span> <span class='ocrx_word' id='word_1_202' title='bbox 1216 2466 1361 2545; x_wconf 74' lang='grc' dir='ltr'><strong>ἐκπεσών,</strong></span> 
     </span>
     <span class='ocr_line' id='line_1_19' title="bbox 225 2576 1361 2644; baseline -0.003 -18"><span class='ocrx_word' id='word_1_203' title='bbox 225 2581 282 2641; x_wconf 84' lang='lat' dir='ltr'><strong>post</strong></span> <span class='ocrx_word' id='word_1_204' title='bbox 302 2593 394 2627; x_wconf 85' lang='lat' dir='ltr'><strong>necem</strong></span> <span class='ocrx_word' id='word_1_205' title='bbox 418 2581 480 2643; x_wconf 86' lang='lat' dir='ltr'><strong>puta</strong></span> <span class='ocrx_word' id='word_1_206' title='bbox 500 2577 638 2627; x_wconf 87' lang='lat' dir='ltr'><strong>Ptolemaei</strong></span> <span class='ocrx_word' id='word_1_207' title='bbox 661 2579 777 2629; x_wconf 83' lang='lat' dir='ltr'><strong>Cerauni.</strong></span> <span class='ocrx_word' id='word_1_208' title='bbox 805 2580 854 2629; x_wconf 89' lang='lat' dir='ltr'><strong>Sed</strong></span> <span class='ocrx_word' id='word_1_209' title='bbox 873 2580 923 2629; x_wconf 82' lang='lat' dir='ltr'><strong>suit</strong></span> <span class='ocrx_word' id='word_1_210' title='bbox 939 2580 984 2629; x_wconf 88' lang='lat' dir='ltr'><strong>illc</strong></span> <span class='ocrx_word' id='word_1_211' title='bbox 1007 2579 1114 2644; x_wconf 78' lang='lat' dir='ltr'><strong>lagidae</strong></span> <span class='ocrx_word' id='word_1_212' title='bbox 1131 2594 1183 2628; x_wconf 90' lang='lat' dir='ltr'><strong>non</strong></span> <span class='ocrx_word' id='word_1_213' title='bbox 1206 2579 1293 2641; x_wconf 84' lang='lat' dir='ltr'><strong>irater,</strong></span> <span class='ocrx_word' id='word_1_214' title='bbox 1318 2576 1361 2624; x_wconf 90' lang='lat' dir='ltr'><strong>sed</strong></span> 
     </span>
     <span class='ocr_line' id='line_1_20' title="bbox 225 2662 860 2730; baseline 0.006 -18"><span class='ocrx_word' id='word_1_215' title='bbox 225 2662 312 2727; x_wconf 83' lang='lat' dir='ltr'><strong>iilius,</strong></span> <span class='ocrx_word' id='word_1_216' title='bbox 326 2668 357 2713; x_wconf 85' lang='lat' dir='ltr'><strong>ut</strong></span> <span class='ocrx_word' id='word_1_217' title='bbox 373 2678 404 2713; x_wconf 88' lang='lat' dir='ltr'><strong>ex</strong></span> <span class='ocrx_word' id='word_1_218' title='bbox 421 2664 563 2730; x_wconf 75' lang='lat' dir='ltr'><strong>Porphyrio</strong></span> <span class='ocrx_word' id='word_1_219' title='bbox 581 2670 686 2729; x_wconf 87' lang='lat' dir='ltr'><strong>apparet</strong></span> <span class='ocrx_word' id='word_1_220' title='bbox 702 2665 721 2715; x_wconf 92' lang='lat' dir='ltr'><strong>l.</strong></span> <span class='ocrx_word' id='word_1_221' title='bbox 742 2665 761 2718; x_wconf 96' lang='lat' dir='ltr'><strong>l.</strong></span> <span class='ocrx_word' id='word_1_222' title='bbox 780 2666 801 2716; x_wconf 89' lang='lat' dir='ltr'><strong>l.</strong></span> <span class='ocrx_word' id='word_1_223' title='bbox 817 2665 860 2716; x_wconf 81' lang='lat'><strong>38.</strong></span> 
     </span>
    </p>

    <p class='ocr_par' dir='ltr' id='par_1_4' title="bbox 225 2746 1391 3078">
     <span class='ocr_line' id='line_1_21' title="bbox 257 2746 1360 2819; baseline -0.001 -21"><span class='ocrx_word' id='word_1_224' title='bbox 257 2746 284 2815; x_wconf 94' lang='grc'><strong>1)</strong></span> <span class='ocrx_word' id='word_1_225' title='bbox 305 2749 363 2799; x_wconf 75' lang='lat' dir='ltr'><strong>«Ite</strong></span> <span class='ocrx_word' id='word_1_226' title='bbox 378 2750 459 2815; x_wconf 81' lang='lat' dir='ltr'><strong>lego,</strong></span> <span class='ocrx_word' id='word_1_227' title='bbox 471 2749 509 2799; x_wconf 86' lang='lat' dir='ltr'><strong>ait</strong></span> <span class='ocrx_word' id='word_1_228' title='bbox 522 2750 629 2801; x_wconf 82' lang='lat' dir='ltr'><strong>Geierus</strong></span> <span class='ocrx_word' id='word_1_229' title='bbox 645 2767 670 2816; x_wconf 92' lang='lat' dir='ltr'><strong>p.</strong></span> <span class='ocrx_word' id='word_1_230' title='bbox 684 2747 715 2817; x_wconf 82' lang='lat'><strong>4,</strong></span> <span class='ocrx_word' id='word_1_231' title='bbox 736 2751 802 2803; x_wconf 88' lang='lat' dir='ltr'><strong>nihil</strong></span> <span class='ocrx_word' id='word_1_232' title='bbox 817 2767 921 2819; x_wconf 87' lang='lat' dir='ltr'><strong>prorsus</strong></span> <span class='ocrx_word' id='word_1_233' title='bbox 931 2753 1062 2817; x_wconf 88' lang='lat' dir='ltr'><strong>cognitum</strong></span> <span class='ocrx_word' id='word_1_234' title='bbox 1079 2749 1215 2817; x_wconf 88' lang='lat' dir='ltr'><strong>habemus,</strong></span> <span class='ocrx_word' id='word_1_235' title='bbox 1226 2750 1275 2799; x_wconf 88' lang='lat' dir='ltr'><strong>nisi</strong></span> <span class='ocrx_word' id='word_1_236' title='bbox 1290 2749 1360 2815; x_wconf 89' lang='lat' dir='ltr'><strong>quod</strong></span> 
     </span>
     <span class='ocr_line' id='line_1_22' title="bbox 227 2836 1360 2904; baseline 0 -19"><span class='ocrx_word' id='word_1_237' title='bbox 227 2836 378 2901; x_wconf 86' lang='lat' dir='ltr'><strong>conjectura</strong></span> <span class='ocrx_word' id='word_1_238' title='bbox 398 2836 459 2885; x_wconf 85' lang='lat' dir='ltr'><strong>eatis</strong></span> <span class='ocrx_word' id='word_1_239' title='bbox 481 2842 559 2898; x_wconf 78' lang='lat' dir='ltr'><strong>certa¹</strong></span> <span class='ocrx_word' id='word_1_240' title='bbox 576 2837 639 2887; x_wconf 84' lang='lat' dir='ltr'><strong>licet</strong></span> <span class='ocrx_word' id='word_1_241' title='bbox 663 2839 779 2904; x_wconf 85' lang='lat' dir='ltr'><strong>assequi,</strong></span> <span class='ocrx_word' id='word_1_242' title='bbox 803 2840 872 2889; x_wconf 89' lang='lat' dir='ltr'><strong>haud</strong></span> <span class='ocrx_word' id='word_1_243' title='bbox 897 2840 978 2889; x_wconf 89' lang='lat' dir='ltr'><strong>nobili</strong></span> <span class='ocrx_word' id='word_1_244' title='bbox 996 2854 1091 2903; x_wconf 89' lang='lat' dir='ltr'><strong>genere</strong></span> <span class='ocrx_word' id='word_1_245' title='bbox 1109 2855 1168 2888; x_wconf 90' lang='lat' dir='ltr'><strong>eum</strong></span> <span class='ocrx_word' id='word_1_246' title='bbox 1183 2842 1302 2887; x_wconf 76' lang='lat' dir='ltr'><strong>natum.»</strong></span> <span class='ocrx_word' id='word_1_247' title='bbox 1330 2838 1360 2885; x_wconf 92' lang='lat' dir='ltr'><strong>In</strong></span> 
     </span>
     <span class='ocr_line' id='line_1_23' title="bbox 226 2922 1391 2991; baseline 0.001 -22"><span class='ocrx_word' id='word_1_248' title='bbox 226 2936 300 2986; x_wconf 61' lang='lat' dir='ltr'><strong>Qum</strong></span> <span class='ocrx_word' id='word_1_249' title='bbox 320 2922 376 2972; x_wconf 82' lang='lat' dir='ltr'><strong>Viri</strong></span> <span class='ocrx_word' id='word_1_250' title='bbox 397 2922 471 2972; x_wconf 84' lang='lat' dir='ltr'><strong>Dect.</strong></span> <span class='ocrx_word' id='word_1_251' title='bbox 491 2924 659 2988; x_wconf 85' lang='lat' dir='ltr'><strong>sententiam,</strong></span> <span class='ocrx_word' id='word_1_252' title='bbox 682 2924 762 2973; x_wconf 91' lang='lat' dir='ltr'><strong>debili</strong></span> <span class='ocrx_word' id='word_1_253' title='bbox 775 2930 977 2991; x_wconf 70' lang='lat' dir='ltr'><strong>superstructum</strong></span> <span class='ocrx_word' id='word_1_254' title='bbox 990 2940 1021 2973; x_wconf 87' lang='lat' dir='ltr'><strong>cx</strong></span> <span class='ocrx_word' id='word_1_255' title='bbox 1035 2923 1171 2974; x_wconf 84' lang='lat' dir='ltr'><strong>Plutarcho</strong></span> <span class='ocrx_word' id='word_1_256' title='bbox 1191 2923 1273 2989; x_wconf 91' lang='lat' dir='ltr'><strong>petito</strong></span> <span class='ocrx_word' id='word_1_257' title='bbox 1286 2938 1361 2985; x_wconf 85' lang='lat' dir='ltr'><strong>argu·</strong></span> <span class='ocrx_word' id='word_1_258' title='bbox 1388 2954 1391 2957; x_wconf 92' lang='lat'>-</span> 
     </span>
     <span class='ocr_line' id='line_1_24' title="bbox 225 2993 1360 3078; baseline -0.001 -22"><span class='ocrx_word' id='word_1_259' title='bbox 225 3012 330 3073; x_wconf 86' lang='lat' dir='ltr'><strong>mente,</strong></span> <span class='ocrx_word' id='word_1_260' title='bbox 351 3023 414 3058; x_wconf 81' lang='lat' dir='ltr'><strong>cave</strong></span> <span class='ocrx_word' id='word_1_261' title='bbox 432 3024 465 3057; x_wconf 90' lang='lat' dir='ltr'><strong>nc</strong></span> <span class='ocrx_word' id='word_1_262' title='bbox 485 3008 609 3059; x_wconf 85' lang='lat' dir='ltr'><strong>discedas.</strong></span> <span class='ocrx_word' id='word_1_263' title='bbox 635 3010 828 3060; x_wconf 85' lang='lat' dir='ltr'><strong>lierratiuncula</strong></span> <span class='ocrx_word' id='word_1_264' title='bbox 846 2993 998 3061; x_wconf 80' lang='lat' dir='ltr'><strong>Plutarohea</strong></span> <span class='ocrx_word' id='word_1_265' title='bbox 1023 3010 1065 3078; x_wconf 87' lang='lat' dir='ltr'><strong>(ds</strong></span> <span class='ocrx_word' id='word_1_266' title='bbox 1087 3010 1169 3062; x_wconf 83' lang='lat' dir='ltr'><strong>cohib.</strong></span> <span class='ocrx_word' id='word_1_267' title='bbox 1192 3011 1236 3058; x_wconf 81' lang='lat' dir='ltr'><strong>irc</strong></span> <span class='ocrx_word' id='word_1_268' title='bbox 1254 3004 1360 3072; x_wconf 61' lang='lat' dir='ltr'><strong>uluis</strong></span> 
     </span>
    </p>
   </div>
   <div class='ocr_carea' id='block_1_4' title="bbox 225 3085 1359 3569">
    <p class='ocr_par' dir='ltr' id='par_1_5' title="bbox 225 3085 1359 3569">
     <span class='ocr_line' id='line_1_25' title="bbox 226 3085 1359 3176; baseline 0 -22"><span class='ocrx_word' id='word_1_269' title='bbox 226 3104 310 3155; x_wconf 79' lang='lat' dir='ltr'><strong>verbis</strong></span> <span class='ocrx_word' id='word_1_270' title='bbox 327 3107 475 3157; x_wconf 81' lang='lat' dir='ltr'><strong>continetur</strong></span> <span class='ocrx_word' id='word_1_271' title='bbox 493 3122 500 3156; x_wconf 73' lang='grc' dir='ltr'><strong><em>ε</em></strong></span> <span class='ocrx_word' id='word_1_272' title='bbox 519 3094 709 3174; x_wconf 78' lang='grc' dir='ltr'><strong>Πτολεμαῖος</strong></span> <span class='ocrx_word' id='word_1_273' title='bbox 724 3090 934 3176; x_wconf 74' lang='grc' dir='ltr'><strong>γραμματικόν</strong></span> <span class='ocrx_word' id='word_1_274' title='bbox 948 3094 989 3171; x_wconf 75' lang='grc' dir='ltr'><strong>εἷς</strong></span> <span class='ocrx_word' id='word_1_275' title='bbox 1010 3090 1149 3176; x_wconf 69' lang='grc' dir='ltr'><strong>αἷμαθίαν</strong></span> <span class='ocrx_word' id='word_1_276' title='bbox 1168 3085 1359 3157; x_wconf 71' lang='grc' dir='ltr'><strong><em>ἐπισκώπτων</em></strong></span> 
     </span>
     <span class='ocr_line' id='line_1_26' title="bbox 225 3184 1359 3286; baseline 0.003 -32"><span class='ocrx_word' id='word_1_277' title='bbox 225 3184 381 3275; x_wconf 70' lang='grc' dir='ltr'><strong>ἠρώτησε·</strong></span> <span class='ocrx_word' id='word_1_278' title='bbox 404 3191 461 3269; x_wconf 79' lang='grc' dir='ltr'><strong>Τίς</strong></span> <span class='ocrx_word' id='word_1_279' title='bbox 477 3188 497 3256; x_wconf 84' lang='lat' dir='ltr'><strong>o‘</strong></span> <span class='ocrx_word' id='word_1_280' title='bbox 513 3194 570 3259; x_wconf 74' lang='grc' dir='ltr'><strong>τοῦ</strong></span> <span class='ocrx_word' id='word_1_281' title='bbox 589 3193 719 3280; x_wconf 78' lang='grc' dir='ltr'><strong><em>Πηλέως</em></strong></span> <span class='ocrx_word' id='word_1_282' title='bbox 735 3192 836 3281; x_wconf 63' lang='grc' dir='ltr'><strong>πατήρ</strong></span> <span class='ocrx_word' id='word_1_283' title='bbox 854 3193 908 3282; x_wconf 73' lang='grc' dir='ltr'><strong>ἧνς</strong></span> <span class='ocrx_word' id='word_1_284' title='bbox 926 3194 1082 3286; x_wconf 64' lang='grc' dir='ltr'><strong><em>Κᾴκιῖνος</em></strong></span> <span class='ocrx_word' id='word_1_285' title='bbox 1094 3194 1150 3261; x_wconf 83' lang='grc' dir='ltr'><strong>’Ὰν</strong></span> <span class='ocrx_word' id='word_1_286' title='bbox 1161 3192 1198 3260; x_wconf 72' lang='grc' dir='ltr'><strong>σι)</strong></span> <span class='ocrx_word' id='word_1_287' title='bbox 1212 3189 1359 3279; x_wconf 79' lang='grc' dir='ltr'><strong>πρότερον</strong></span> 
     </span>
     <span class='ocr_line' id='line_1_27' title="bbox 225 3290 1359 3382; baseline 0.001 -26"><span class='ocrx_word' id='word_1_288' title='bbox 225 3290 324 3382; x_wconf 66' lang='grc' dir='ltr'><strong>εἴπῃς,</strong></span> <span class='ocrx_word' id='word_1_289' title='bbox 339 3290 416 3380; x_wconf 64' lang='grc' dir='ltr'><strong>ἔφη,</strong></span> <span class='ocrx_word' id='word_1_290' title='bbox 428 3294 477 3373; x_wconf 71' lang='grc' dir='ltr'><strong>τίς</strong></span> <span class='ocrx_word' id='word_1_291' title='bbox 489 3293 508 3359; x_wconf 74' lang='grc' dir='ltr'><em>ὅ</em></span> <span class='ocrx_word' id='word_1_292' title='bbox 520 3297 576 3361; x_wconf 71' lang='grc' dir='ltr'><strong>τοῦ</strong></span> <span class='ocrx_word' id='word_1_293' title='bbox 589 3293 705 3380; x_wconf 74' lang='grc' dir='ltr'><strong>Λάγου.</strong></span> <span class='ocrx_word' id='word_1_294' title='bbox 728 3312 784 3378; x_wconf 76' lang='lat' dir='ltr'><strong>Quo</strong></span> <span class='ocrx_word' id='word_1_295' title='bbox 806 3312 912 3377; x_wconf 86' lang='lat' dir='ltr'><strong>quidem</strong></span> <span class='ocrx_word' id='word_1_296' title='bbox 924 3311 1111 3361; x_wconf 87' lang='lat' dir='ltr'><strong>contumelioso</strong></span> <span class='ocrx_word' id='word_1_297' title='bbox 1129 3311 1188 3360; x_wconf 89' lang='lat' dir='ltr'><strong>irati</strong></span> <span class='ocrx_word' id='word_1_298' title='bbox 1202 3310 1359 3374; x_wconf 86' lang='lat' dir='ltr'><strong>grammatici</strong></span> 
     </span>
     <span class='ocr_line' id='line_1_28' title="bbox 225 3400 1357 3468; baseline -0.002 -19"><span class='ocrx_word' id='word_1_299' title='bbox 225 3412 345 3464; x_wconf 80' lang='lat' dir='ltr'><strong>responso</strong></span> <span class='ocrx_word' id='word_1_300' title='bbox 364 3402 386 3451; x_wconf 89' lang='lat' dir='ltr'><strong>si</strong></span> <span class='ocrx_word' id='word_1_301' title='bbox 406 3401 535 3453; x_wconf 84' lang='lat' dir='ltr'><strong>celebrem</strong></span> <span class='ocrx_word' id='word_1_302' title='bbox 550 3403 660 3452; x_wconf 88' lang='lat' dir='ltr'><strong>nominis</strong></span> <span class='ocrx_word' id='word_1_303' title='bbox 674 3404 766 3453; x_wconf 80' lang='lat' dir='ltr'><strong>tamam</strong></span> <span class='ocrx_word' id='word_1_304' title='bbox 782 3405 849 3467; x_wconf 83' lang='lat' dir='ltr'><strong>Lago</strong></span> <span class='ocrx_word' id='word_1_305' title='bbox 867 3402 1009 3467; x_wconf 86' lang='lat' dir='ltr'><strong>abjudicari</strong></span> <span class='ocrx_word' id='word_1_306' title='bbox 1026 3401 1135 3468; x_wconf 86' lang='lat' dir='ltr'><strong>dixeris,</strong></span> <span class='ocrx_word' id='word_1_307' title='bbox 1154 3402 1239 3451; x_wconf 83' lang='lat' dir='ltr'><strong>omnia</strong></span> <span class='ocrx_word' id='word_1_308' title='bbox 1249 3400 1357 3450; x_wconf 87' lang='lat' dir='ltr'><strong>dixeris:</strong></span> 
     </span>
     <span class='ocr_line' id='line_1_29' title="bbox 225 3482 1359 3569; baseline -0.002 -21"><span class='ocrx_word' id='word_1_309' title='bbox 225 3511 282 3548; x_wconf 79' lang='lat' dir='ltr'><strong>uam</strong></span> <span class='ocrx_word' id='word_1_310' title='bbox 300 3498 371 3563; x_wconf 86' lang='lat' dir='ltr'><strong>quud</strong></span> <span class='ocrx_word' id='word_1_311' title='bbox 385 3514 415 3549; x_wconf 87' lang='lat' dir='ltr'><strong>ex</strong></span> <span class='ocrx_word' id='word_1_312' title='bbox 426 3500 511 3551; x_wconf 89' lang='lat' dir='ltr'><strong>addita</strong></span> <span class='ocrx_word' id='word_1_313' title='bbox 526 3502 659 3552; x_wconf 80' lang='lat' dir='ltr'><strong>Plutarchi</strong></span> <span class='ocrx_word' id='word_1_314' title='bbox 673 3502 885 3569; x_wconf 72' lang='lat' dir='ltr'><strong>interpretatione</strong></span> <span class='ocrx_word' id='word_1_315' title='bbox 902 3482 940 3550; x_wconf 72' lang='grc' dir='ltr'><strong>τί)</strong></span> <span class='ocrx_word' id='word_1_316' title='bbox 956 3484 992 3550; x_wconf 74' lang='grc' dir='ltr'><strong>δὲ</strong></span> <span class='ocrx_word' id='word_1_317' title='bbox 1008 3488 1138 3568; x_wconf 75' lang='grc' dir='ltr'><strong>σκῶμμα</strong></span> <span class='ocrx_word' id='word_1_318' title='bbox 1153 3487 1199 3569; x_wconf 78' lang='grc' dir='ltr'><strong>τῆ</strong></span> <span class='ocrx_word' id='word_1_319' title='bbox 1205 3511 1220 3562; x_wconf 88' lang='grc' dir='ltr'><strong><em>ς</em></strong></span> <span class='ocrx_word' id='word_1_320' title='bbox 1236 3486 1359 3566; x_wconf 74' lang='grc' dir='ltr'><em>δυσγε-</em></span> 
     </span>
    </p>
   </div>
   <div class='ocr_carea' id='block_1_5' title="bbox 224 3578 1358 3669">
    <p class='ocr_par' dir='ltr' id='par_1_6' title="bbox 224 3578 1358 3669">
     <span class='ocr_line' id='line_1_30' title="bbox 224 3578 1358 3669; baseline -0.001 -21"><span class='ocrx_word' id='word_1_321' title='bbox 224 3585 322 3662; x_wconf 73' lang='grc' dir='ltr'><strong><em>νείας</em></strong></span> <span class='ocrx_word' id='word_1_322' title='bbox 343 3578 452 3669; x_wconf 74' lang='grc' dir='ltr'><em>ἥπτετο</em></span> <span class='ocrx_word' id='word_1_323' title='bbox 472 3587 528 3650; x_wconf 76' lang='grc' dir='ltr'><strong>τοῦ</strong></span> <span class='ocrx_word' id='word_1_324' title='bbox 541 3583 686 3669; x_wconf 68' lang='grc' dir='ltr'><strong>βασιλέως</strong></span> <span class='ocrx_word' id='word_1_325' title='bbox 709 3601 784 3652; x_wconf 75' lang='lat' dir='ltr'><strong>facile</strong></span> <span class='ocrx_word' id='word_1_326' title='bbox 804 3600 914 3666; x_wconf 89' lang='lat' dir='ltr'><strong>efficias,</strong></span> <span class='ocrx_word' id='word_1_327' title='bbox 934 3599 1092 3649; x_wconf 89' lang='lat' dir='ltr'><strong>nobilitatem</strong></span> <span class='ocrx_word' id='word_1_328' title='bbox 1112 3601 1213 3663; x_wconf 89' lang='lat' dir='ltr'><strong>generis</strong></span> <span class='ocrx_word' id='word_1_329' title='bbox 1233 3602 1298 3663; x_wconf 85' lang='lat' dir='ltr'><strong>Lago</strong></span> <span class='ocrx_word' id='word_1_330' title='bbox 1315 3600 1358 3648; x_wconf 88' lang='lat' dir='ltr'><strong>de-</strong></span> 
     </span>
    </p>
   </div>
   <div class='ocr_carea' id='block_1_6' title="bbox 222 3690 1358 3850">
    <p class='ocr_par' dir='ltr' id='par_1_7' title="bbox 222 3690 1358 3850">
     <span class='ocr_line' id='line_1_31' title="bbox 224 3690 1358 3758; baseline -0.003 -15"><span class='ocrx_word' id='word_1_331' title='bbox 224 3692 314 3757; x_wconf 73' lang='lat' dir='ltr'><strong>fuisse,</strong></span> <span class='ocrx_word' id='word_1_332' title='bbox 338 3697 511 3742; x_wconf 87' lang='lat' dir='ltr'><strong>commentum</strong></span> <span class='ocrx_word' id='word_1_333' title='bbox 528 3702 569 3742; x_wconf 86' lang='lat' dir='ltr'><strong>est</strong></span> <span class='ocrx_word' id='word_1_334' title='bbox 590 3692 742 3758; x_wconf 77' lang='lat' dir='ltr'><strong>gravissimis</strong></span> <span class='ocrx_word' id='word_1_335' title='bbox 757 3691 866 3739; x_wconf 92' lang='lat' dir='ltr'><strong>aliorum</strong></span> <span class='ocrx_word' id='word_1_336' title='bbox 887 3690 1038 3739; x_wconf 86' lang='lat' dir='ltr'><strong>testimoniis</strong></span> <span class='ocrx_word' id='word_1_337' title='bbox 1054 3691 1192 3758; x_wconf 84' lang='lat' dir='ltr'><strong>explosum.</strong></span> <span class='ocrx_word' id='word_1_338' title='bbox 1217 3693 1274 3758; x_wconf 87' lang='lat' dir='ltr'><strong>lpse</strong></span> <span class='ocrx_word' id='word_1_339' title='bbox 1294 3691 1358 3740; x_wconf 87' lang='lat' dir='ltr'><strong>adeo</strong></span> 
     </span>
     <span class='ocr_line' id='line_1_32' title="bbox 222 3775 1358 3850; baseline -0.002 -23"><span class='ocrx_word' id='word_1_340' title='bbox 222 3777 377 3828; x_wconf 83' lang='lat' dir='ltr'><strong>Plutarchus</strong></span> <span class='ocrx_word' id='word_1_341' title='bbox 389 3778 440 3828; x_wconf 91' lang='lat' dir='ltr'><strong>alio</strong></span> <span class='ocrx_word' id='word_1_342' title='bbox 455 3779 513 3829; x_wconf 91' lang='lat' dir='ltr'><strong>loeo</strong></span> <span class='ocrx_word' id='word_1_343' title='bbox 526 3780 568 3846; x_wconf 84' lang='lat' dir='ltr'><strong>(sle</strong></span> <span class='ocrx_word' id='word_1_344' title='bbox 581 3781 670 3850; x_wconf 76' lang='lat' dir='ltr'><strong>Nodil.</strong></span> <span class='ocrx_word' id='word_1_345' title='bbox 680 3776 768 3844; x_wconf 68' lang='lat' dir='ltr'><strong>xm),</strong></span> <span class='ocrx_word' id='word_1_346' title='bbox 781 3777 827 3842; x_wconf 84' lang='lat' dir='ltr'><strong>qui</strong></span> <span class='ocrx_word' id='word_1_347' title='bbox 839 3775 916 3825; x_wconf 84' lang='lat' dir='ltr'><strong>latuit</strong></span> <span class='ocrx_word' id='word_1_348' title='bbox 926 3777 1060 3842; x_wconf 83' lang='lat' dir='ltr'><strong>Geierum,</strong></span> <span class='ocrx_word' id='word_1_349' title='bbox 1072 3778 1107 3828; x_wconf 86' lang='lat' dir='ltr'><strong>ita</strong></span> <span class='ocrx_word' id='word_1_350' title='bbox 1120 3778 1226 3827; x_wconf 88' lang='lat' dir='ltr'><strong>sensisse</strong></span> <span class='ocrx_word' id='word_1_351' title='bbox 1235 3782 1358 3842; x_wconf 85' lang='lat' dir='ltr'><strong>reeteque</strong></span> 
     </span>
    </p>
   </div>
   <div class='ocr_carea' id='block_1_7' title="bbox 222 3851 1360 4153">
    <p class='ocr_par' dir='ltr' id='par_1_8' title="bbox 222 3851 1360 4153">
     <span class='ocr_line' id='line_1_33' title="bbox 223 3851 1358 3946; baseline -0.001 -22"><span class='ocrx_word' id='word_1_352' title='bbox 223 3875 347 3925; x_wconf 85' lang='lat' dir='ltr'><strong>acerbum</strong></span> <span class='ocrx_word' id='word_1_353' title='bbox 362 3874 440 3925; x_wconf 88' lang='lat' dir='ltr'><strong>istum</strong></span> <span class='ocrx_word' id='word_1_354' title='bbox 450 3875 541 3939; x_wconf 83' lang='lat' dir='ltr'><strong>jocum</strong></span> <span class='ocrx_word' id='word_1_355' title='bbox 559 3852 711 3943; x_wconf 83' lang='lat' dir='ltr'><strong>explicuisse</strong></span> <span class='ocrx_word' id='word_1_356' title='bbox 726 3873 836 3924; x_wconf 78' lang='lat' dir='ltr'><strong>videtur.</strong></span> <span class='ocrx_word' id='word_1_357' title='bbox 846 3854 895 3923; x_wconf 80' lang='grc' dir='ltr'>Ἢ</span> <span class='ocrx_word' id='word_1_358' title='bbox 904 3851 998 3945; x_wconf 69' lang='grc' dir='ltr'><strong>ὕβριν,</strong></span> <span class='ocrx_word' id='word_1_359' title='bbox 1016 3874 1117 3940; x_wconf 89' lang='lat' dir='ltr'><strong>inquit,</strong></span> <span class='ocrx_word' id='word_1_360' title='bbox 1134 3854 1218 3945; x_wconf 67' lang='grc' dir='ltr'>ὕβρει</span> <span class='ocrx_word' id='word_1_361' title='bbox 1233 3855 1358 3946; x_wconf 58' lang='lat' dir='ltr'><strong>[indvpe-</strong></span> 
     </span>
     <span class='ocr_line' id='line_1_34' title="bbox 222 3951 1360 4050; baseline -0.003 -23"><span class='ocrx_word' id='word_1_362' title='bbox 222 3977 290 4042; x_wconf 82' lang='grc' dir='ltr'><strong>ψεν,</strong></span> <span class='ocrx_word' id='word_1_363' title='bbox 313 3959 337 4047; x_wconf 75' lang='grc' dir='ltr'><strong>ν’)</strong></span> <span class='ocrx_word' id='word_1_364' title='bbox 358 3960 428 4040; x_wconf 68' lang='grc' dir='ltr'><strong>τούς</strong></span> <span class='ocrx_word' id='word_1_365' title='bbox 447 3962 598 4049; x_wconf 64' lang='grc' dir='ltr'><strong>ῥυπαραῖς</strong></span> <span class='ocrx_word' id='word_1_366' title='bbox 620 3958 801 4048; x_wconf 71' lang='grc' dir='ltr'><em>ἀνθρώπους</em></span> <span class='ocrx_word' id='word_1_367' title='bbox 824 3951 1010 4046; x_wconf 76' lang='grc' dir='ltr'><strong>ἐμιμήσατο,</strong></span> <span class='ocrx_word' id='word_1_368' title='bbox 1033 3955 1077 4026; x_wconf 83' lang='grc' dir='ltr'><strong>ὦν</strong></span> <span class='ocrx_word' id='word_1_369' title='bbox 1097 3959 1172 4040; x_wconf 73' lang='grc' dir='ltr'><strong><em>ἔθος</em></strong></span> <span class='ocrx_word' id='word_1_370' title='bbox 1194 3958 1233 4048; x_wconf 74' lang='grc' dir='ltr'><strong>ἦν</strong></span> <span class='ocrx_word' id='word_1_371' title='bbox 1253 3958 1299 4025; x_wconf 77' lang='grc' dir='ltr'><strong>αἰεὶ</strong></span> <span class='ocrx_word' id='word_1_372' title='bbox 1317 3963 1360 4050; x_wconf 79' lang='grc' dir='ltr'><strong>τῇ</strong></span> 
     </span>
     <span class='ocr_line' id='line_1_35' title="bbox 222 4060 1357 4153; baseline -0.001 -24"><span class='ocrx_word' id='word_1_373' title='bbox 222 4060 352 4153; x_wconf 71' lang='grc' dir='ltr'><strong>εὖγενείᾳ</strong></span> <span class='ocrx_word' id='word_1_374' title='bbox 368 4072 503 4151; x_wconf 71' lang='grc' dir='ltr'><strong>φθονεῖν.</strong></span> <span class='ocrx_word' id='word_1_375' title='bbox 530 4081 614 4145; x_wconf 79' lang='lat' dir='ltr'><strong>Atque</strong></span> <span class='ocrx_word' id='word_1_376' title='bbox 632 4080 699 4129; x_wconf 92' lang='lat' dir='ltr'><strong>hanc</strong></span> <span class='ocrx_word' id='word_1_377' title='bbox 724 4063 871 4150; x_wconf 70' lang='grc' dir='ltr'><strong>εὖγενείαν</strong></span> <span class='ocrx_word' id='word_1_378' title='bbox 892 4080 1006 4145; x_wconf 80' lang='lat' dir='ltr'><strong>Curtius,</strong></span> <span class='ocrx_word' id='word_1_379' title='bbox 1025 4080 1184 4143; x_wconf 78' lang='lat' dir='ltr'><strong>quumvisin</strong></span> <span class='ocrx_word' id='word_1_380' title='bbox 1202 4079 1308 4145; x_wconf 81' lang='lat' dir='ltr'><strong>ceteris,</strong></span> <span class='ocrx_word' id='word_1_381' title='bbox 1327 4085 1357 4129; x_wconf 83' lang='lat' dir='ltr'><strong>ut</strong></span> 
     </span>
    </p>
   </div>
   <div class='ocr_carea' id='block_1_8' title="bbox 221 4169 1354 4239">
    <p class='ocr_par' dir='ltr' id='par_1_9' title="bbox 221 4169 1354 4239">
     <span class='ocr_line' id='line_1_36' title="bbox 221 4169 1354 4239; baseline -0.002 -18"><span class='ocrx_word' id='word_1_382' title='bbox 221 4172 327 4237; x_wconf 87' lang='lat' dir='ltr'><strong>monui,</strong></span> <span class='ocrx_word' id='word_1_383' title='bbox 340 4172 587 4239; x_wconf 76' lang='lat' dir='ltr'><strong>salsus,l&#39;tolemaeo</strong></span> <span class='ocrx_word' id='word_1_384' title='bbox 600 4173 747 4226; x_wconf 80' lang='lat' dir='ltr'><strong>vindicans:</strong></span> <span class='ocrx_word' id='word_1_385' title='bbox 761 4171 928 4235; x_wconf 80' lang='lat' dir='ltr'><strong>«Sanguine,</strong></span> <span class='ocrx_word' id='word_1_386' title='bbox 946 4172 995 4235; x_wconf 86' lang='lat' dir='ltr'><strong>ait,</strong></span> <span class='ocrx_word' id='word_1_387' title='bbox 1007 4169 1088 4237; x_wconf 82' lang='lat' dir='ltr'><strong>(Regi)</strong></span> <span class='ocrx_word' id='word_1_388' title='bbox 1106 4172 1261 4235; x_wconf 86' lang='lat' dir='ltr'><strong>conjunctus</strong></span> <span class='ocrx_word' id='word_1_389' title='bbox 1269 4175 1354 4221; x_wconf 73' lang='lat' dir='ltr'><strong>erat.»</strong></span> 
     </span>
    </p>
   </div>
   <div class='ocr_carea' id='block_1_9' title="bbox 222 4256 1356 4411">
    <p class='ocr_par' dir='ltr' id='par_1_10' title="bbox 222 4256 1356 4411">
     <span class='ocr_line' id='line_1_37' title="bbox 223 4256 1356 4325; baseline -0.004 -16"><span class='ocrx_word' id='word_1_390' title='bbox 223 4258 293 4322; x_wconf 76' lang='lat' dir='ltr'><strong>Quae</strong></span> <span class='ocrx_word' id='word_1_391' title='bbox 325 4259 444 4322; x_wconf 89' lang='lat' dir='ltr'><strong>cognatio</strong></span> <span class='ocrx_word' id='word_1_392' title='bbox 470 4259 540 4309; x_wconf 89' lang='lat' dir='ltr'><strong>unde</strong></span> <span class='ocrx_word' id='word_1_393' title='bbox 567 4259 704 4324; x_wconf 80' lang='lat' dir='ltr'><strong>repetenda</strong></span> <span class='ocrx_word' id='word_1_394' title='bbox 732 4260 779 4325; x_wconf 81' lang='lat' dir='ltr'><strong>sit,</strong></span> <span class='ocrx_word' id='word_1_395' title='bbox 804 4258 881 4308; x_wconf 86' lang='lat' dir='ltr'><strong>docet</strong></span> <span class='ocrx_word' id='word_1_396' title='bbox 902 4256 943 4306; x_wconf 82' lang='lat' dir='ltr'><strong>vel</strong></span> <span class='ocrx_word' id='word_1_397' title='bbox 968 4256 1095 4313; x_wconf 80' lang='lat' dir='ltr'><strong>Theocriti</strong></span> <span class='ocrx_word' id='word_1_398' title='bbox 1120 4258 1189 4309; x_wconf 90' lang='lat' dir='ltr'><strong>haud</strong></span> <span class='ocrx_word' id='word_1_399' title='bbox 1214 4258 1356 4325; x_wconf 84' lang='lat' dir='ltr'><strong>spernenda</strong></span> 
     </span>
     <span class='ocr_line' id='line_1_38' title="bbox 222 4342 1353 4411; baseline -0.001 -18"><span class='ocrx_word' id='word_1_400' title='bbox 222 4345 378 4409; x_wconf 81' lang='lat' dir='ltr'><strong>auotoritas,</strong></span> <span class='ocrx_word' id='word_1_401' title='bbox 390 4343 652 4410; x_wconf 62' lang='lat' dir='ltr'><strong>Idyll.x&#39;v11.ttlsq.</strong></span> <span class='ocrx_word' id='word_1_402' title='bbox 671 4345 717 4411; x_wconf 82' lang='lat' dir='ltr'><strong>(ct.</strong></span> <span class='ocrx_word' id='word_1_403' title='bbox 735 4344 832 4397; x_wconf 85' lang='lat' dir='ltr'><strong>Julian.</strong></span> <span class='ocrx_word' id='word_1_404' title='bbox 852 4346 956 4397; x_wconf 79' lang='lat' dir='ltr'><strong>Caesar.</strong></span> <span class='ocrx_word' id='word_1_405' title='bbox 969 4343 1009 4393; x_wconf 90' lang='lat' dir='ltr'><strong>ed.</strong></span> <span class='ocrx_word' id='word_1_406' title='bbox 1022 4344 1115 4409; x_wconf 86' lang='lat' dir='ltr'><strong>Spunlr.</strong></span> <span class='ocrx_word' id='word_1_407' title='bbox 1134 4361 1160 4410; x_wconf 91' lang='lat' dir='ltr'><strong>p.</strong></span> <span class='ocrx_word' id='word_1_408' title='bbox 1180 4343 1247 4408; x_wconf 88' lang='grc'><strong>316,</strong></span> <span class='ocrx_word' id='word_1_409' title='bbox 1265 4342 1353 4408; x_wconf 76' lang='grc' dir='ltr'><strong>335.)ε</strong></span> 
     </span>
    </p>
   </div>
   <div class='ocr_carea' id='block_1_10' title="bbox 326 4474 1224 4671">
    <p class='ocr_par' dir='ltr' id='par_1_11' title="bbox 326 4474 1224 4671">
     <span class='ocr_line' id='line_1_39' title="bbox 326 4474 1224 4568; baseline -0.008 -21"><span class='ocrx_word' id='word_1_410' title='bbox 326 4479 456 4566; x_wconf 79' lang='grc' dir='ltr'><strong>Ἁμφοῖν</strong></span> <span class='ocrx_word' id='word_1_411' title='bbox 477 4476 534 4568; x_wconf 80' lang='lat' dir='ltr'><strong>yoip</strong></span> <span class='ocrx_word' id='word_1_412' title='bbox 555 4475 700 4566; x_wconf 79' lang='grc' dir='ltr'><strong><em>πρόγονός</em></strong></span> <span class='ocrx_word' id='word_1_413' title='bbox 721 4504 792 4564; x_wconf 83' lang='grc' dir='ltr'><strong>σφιν</strong></span> <span class='ocrx_word' id='word_1_414' title='bbox 814 4477 833 4544; x_wconf 88' lang='lat' dir='ltr'><strong>o&#39;</strong></span> <span class='ocrx_word' id='word_1_415' title='bbox 855 4475 998 4565; x_wconf 77' lang='grc' dir='ltr'><strong>καρτερός</strong></span> <span class='ocrx_word' id='word_1_416' title='bbox 1018 4474 1224 4563; x_wconf 71' lang='grc' dir='ltr'><strong>Ἡρακλείδας,</strong></span> 
     </span>
     <span class='ocr_line' id='line_1_40' title="bbox 328 4576 1158 4671; baseline 0 -24"><span class='ocrx_word' id='word_1_417' title='bbox 328 4578 506 4670; x_wconf 70' lang='grc' dir='ltr'><strong>Ἀμφότεροι</strong></span> <span class='ocrx_word' id='word_1_418' title='bbox 528 4582 556 4647; x_wconf 78' lang='grc' dir='ltr'><strong>δ’</strong></span> <span class='ocrx_word' id='word_1_419' title='bbox 571 4582 769 4671; x_wconf 73' lang='grc' dir='ltr'><strong>ὥριθμεῦνται</strong></span> <span class='ocrx_word' id='word_1_420' title='bbox 791 4584 822 4661; x_wconf 80' lang='grc' dir='ltr'><strong>ἒς</strong></span> <span class='ocrx_word' id='word_1_421' title='bbox 844 4581 971 4666; x_wconf 74' lang='grc' dir='ltr'><strong>ἔσχατον</strong></span> <span class='ocrx_word' id='word_1_422' title='bbox 991 4576 1158 4669; x_wconf 68' lang='grc' dir='ltr'><strong>Ἡρακλῆα.</strong></span> 
     </span>
    </p>
   </div>
   <div class='ocr_carea' id='block_1_11' title="bbox 0 0 1654 5600">
    <p class='ocr_par' dir='ltr' id='par_1_12' title="bbox 0 0 1654 5600">
     <span class='ocr_line' id='line_1_41' title="bbox 0 0 1654 5600; baseline 0 0"><span class='ocrx_word' id='word_1_423' title='bbox 0 0 1654 5600; x_wconf 95' lang='lat' dir='ltr'><strong> </strong></span> 
     </span>
    </p>
   </div>
  </div>
 </body>
</html>
