3300 5600
836 605 899 667 128

296 772 414 869 λιάροο
434 778 494 868 τῆς
514 774 547 845 ἕν
561 799 609 861 τῳ
596 771 762 862 Αλμαλφ
780 765 907 861 πόντῳ,
929 765 1091 863 ἐςήντινα
1103 764 1230 861 ’isuper
1245 763 1303 839 τάν
1315 771 1456 847 Aaou&

296 884 371 966 λου,
391 879 544 956 τοαέντος
562 877 624 947 τοῦ
637 877 755 968 κηροῦ,
777 872 846 1048 drap
860 867 1071 999 προσήρτητο
1087 867 1129 944 τά
1145 867 1269 964 πτερά,
1288 875 1452 993 περρῖνὸ

208 1059 210 1083 η
295 977 393 1074 λόγος
418 981 558 1068 κατέχει.
580 1019 622 1034 -
651 973 821 1049 urreis
785 978 884 1070 πέρα
911 979 1010 1069 νῆσος
1038 975 1171 1064 ἀπέχειν
1195 967 1305 1061 μὲν
1278 968 1350 1055 ond
1376 985 1447 1055 τοῦ

296 1089 460 1227 στόμοτρς
480 1093 541 1160 τοῦ
561 1082 739 1217 Ερφράτου
760 1083 924 1179 supas
904 1111 982 1159 οσον
998 1089 1104 1158 πλοῦν
1119 1084 1245 1218 ἡμέρας
1257 1085 1313 1154 καλ
1327 1084 1438 1166 sororia

295 1234 355 1278 sorr
396 1196 494 1297 οὖρον
517 1195 644 1292 θεούσῃ
672 1202 735 1292 spi
771 1193 876 1280 Ttiioc
903 1200 941 1269 δὲ
970 1193 1052 1291 αὕτη
1040 1191 1197 1268 υ”ελνοιι
1177 1220 1296 1283 ονομα·
1316 1192 1432 1288 μεγάλη

296 1320 336 1391 δὲ
363 1312 460 1401 εἶναι,
487 1315 542 1383 καλ
571 1307 649 1384 οὔτε
678 1318 815 1404 τραχεῖα
840 1305 862 1405 ή
888 1307 996 1404 πολλή
1022 1303 1099 1380 odra
1122 1302 1266 1402 ὑλώδης,
1294 1301 1363 1378 ἀλλ’
1382 1303 1427 1379 οἷο

296 1421 500 1521 supramissa
520 1421 661 1520 ήμλρους
685 1417 837 1517 ἐκφέρειν
856 1424 911 1492 καλ
932 1415 1040 1492 πάντα
1059 1415 1176 1515 ὦραῒιι.

341 1548 404 1614 Pro
420 1533 575 1632 οὗτής-
592 1531 650 1628 τήν
666 1536 836 1606 otram
865 1540 1007 1606 Bekkeri
1034 1537 1158 1606 Aneod.
1183 1538 1198 1602 1
1227 1560 1260 1624 p.
1293 1538 1420 1618 loeta

297 1658 484 1742 Kruegerus
516 1646 639 1733 recepit
667 1634 788 1720 αὐτους
813 1681 856 1696 -
882 1634 924 1711 τά
945 1644 1004 1734 τῆς
1023 1641 1173 1733 διαίτης·
1201 1642 1257 1708 sed
1281 1641 1421 1711 constanti

298 1762 447 1831 codicum
466 1754 606 1820 lectione
625 1751 686 1816 erit
702 1751 759 1838 qui
778 1772 873 1816 nemo
887 1751 984 1816 facile
1001 1748 1195 1817 offendatur.
1220 1749 1332 1834 Quid?
1347 1745 1424 1839 quod
1468 1782 1471 1811 ι

297 1858 429 1945 αὐτοῦς,
452 1872 490 1928 ut
518 1859 645 1927 monuit
668 1859 737 1941 jam
764 1856 962 1938 Ellendtius,
994 1856 1071 1920 ferri
1092 1855 1184 1921 nullo
1202 1868 1298 1942 pacto
1316 1862 1421 1944 potostt

297 1975 357 2039 nisi
386 1973 470 2036 forte
498 1990 557 2055 pro
584 1963 695 2030 Icariis
726 1984 791 2028 non
816 1963 895 2028 alios
925 1963 1106 2052 quoslibet,
1133 1961 1188 2027 sed
1208 1964 1303 2051 ipsos
1320 1948 1429 2030 tersis

297 2081 385 2148 circa
404 2077 522 2143 Dianae
544 2071 700 2158 templum
722 2068 882 2136 habitasse
908 2070 1005 2135 statui
1025 2081 1136 2156 putes3
1161 2068 1250 2156 quod
1267 2070 1430 2157 perabsur-

296 2187 386 2252 dum.
408 2183 476 2249 Nec
493 2200 568 2244 rero
580 2176 730 2243 dictionis
740 2197 783 2240 τα
792 2196 851 2262 της
863 2171 990 2262 διαλτης
1005 2177 1179 2240 ποιεῖσθαι
1189 2183 1265 2240 cum
1278 2174 1436 2242 Ellendtio

296 2290 512 2381 patrocinium
540 2282 758 2371 susceperim,
784 2280 861 2345 licet
890 2279 1003 2345 eodem
1023 2279 1085 2344 hoc
1104 2281 1299 2369 periphrasis
1321 2298 1438 2371 genero

296 2400 433 2466 maximo
460 2394 655 2460 delectatum
688 2391 825 2455 sciamus
856 2388 1040 2455 Arrianum.
1081 2386 1163 2453 Nolo
1193 2410 1367 2474 provocare
1389 2380 1441 2453 ad

297 2504 481 2590 exemplum
502 2497 672 2575 Herodoti,
705 2495 817 2561 dilecti
846 2495 982 2560 Arriano
1004 2494 1194 2580 scriptoris,
1223 2498 1280 2583 qui
1299 2495 1442 2563 immuta

295 2602 353 2700 τήν
374 2604 501 2674 δίαιταν
520 2604 699 2668 ποιεῖσθαι
721 2603 825 2666 utitur
846 2602 890 2670 11.
916 2602 979 2680 663
1010 2600 1066 2665 scd
1086 2620 1261 2687 provocare
1282 2600 1375 2683 mihi,
1394 2604 1450 2666 ut

295 2713 467 2803 defendam
496 2709 683 2796 vulgatam,
713 2708 754 2773 ad
782 2729 857 2773 eum
887 2707 1017 2786 licebit,
1047 2729 1144 2794 quem
1174 2731 1276 2774 unum
1295 2708 1447 2776 omniurn

295 2825 432 2889 maximo
450 2818 605 2886 Arrianus
624 2815 766 2881 imitatus
787 2827 849 2897 est,
871 2814 1131 2902 Xenophontem,
1148 2817 1182 2880 in
1203 2817 1296 2901 cujus
1321 2819 1447 2905 Cyrop-

295 2930 387 3000 v111.
409 2932 443 2996 6.
470 2928 514 2991 22
543 2921 678 2988 eandem
697 2924 869 2991 formulam
888 2921 974 2988 houd
993 2922 1112 2987 frustra
1134 2925 1340 3010 quaesiveris.
1366 2925 1444 2991 Mox

295 3038 413 3102 mirum
440 3042 598 3122 quantum
619 3027 807 3200 displicet
798 3030 900 3095 manis
932 3028 1168 3114 tautologia-
1127 3051 1253 3116 -quo
1270 3034 1354 3097 enim
1372 3031 1442 3096 alio

298 3144 394 3208 verbo
415 3138 604 3206 ἀίουοιλ-
624 3133 793 3220 misaida
818 3133 929 3223 θηρᾷν
957 3123 1067 3216 μόνον
1094 3124 1151 3197 ἐπὶ
1176 3133 1265 3218 crpde
1293 3130 1354 3225 γάρ
1378 3123 1439 3201 orit

297 3238 378 3312 εἶναι
408 3237 575 3328 ἀθέμιτον.
615 3243 761 3308 Glossam
798 3263 862 3306 non
898 3242 1021 3319 inesse,
1052 3239 1104 3304 rix
1136 3238 1215 3303 mihi
1248 3240 1429 3333 persuadeo.

297 3355 428 3419 Deleam
448 3374 525 3438 ergo
534 3350 640 3438 priora
654 3370 662 3413 τ
675 3343 731 3413 ἐπι
721 3343 833 3431 sorde
847 3344 958 3433 θηρρν
969 3334 1078 3427 μόνον,
1097 3347 1225 3410 inanem
1237 3348 1426 3435 reliquorum

295 3459 606 3545 interpretationem.
642 3455 757 3541 Spreta
789 3474 885 3538 porro
912 3452 1088 3517 Florentini
1123 3452 1244 3519 codicis
1279 3456 1425 3543 scriptura

294 3555 354 3630 ἐπὶ
374 3562 468 3650 τιμῇ
488 3560 546 3650 τῆς
566 3562 664 3649 νήσου
685 3559 742 3646 τῆς
762 3546 892 3645 Ἰκάρου
921 3560 1109 3647 Kruegerus
1133 3561 1296 3647 vulgatam
1325 3562 1425 3649 probat

294 3660 353 3735 ἐπὶ
373 3666 441 3754 τῆς
461 3655 582 3753 νήσου
603 3664 663 3753 τῆς
683 3658 737 3740 tu„
760 3684 859 3749 quam
875 3675 949 3729 anto
965 3686 1040 3730 eum
1051 3666 1151 3731 tuitus
1163 3678 1230 3731 erat
1241 3668 1424 3745 Ellendtius3

295 3785 401 3851 recte,
430 3770 538 3860 quoad
570 3770 762 3835 vocabulum
789 3767 886 3857 τιμή,
914 3770 1003 3858 quod
1026 3772 1156 3837 omnino
1177 3774 1427 3861 interpolatorem

295 3880 413 3958 refert,
440 3876 614 3943 delendum
639 3876 782 3955 censuit3
810 3876 867 3942 sed
887 3876 941 3943 hic
961 3890 994 3942 et
1012 3867 1112 3965 νήσου
1131 3879 1264 3966 languet
1291 3893 1324 3947 et
1341 3882 1429 3948 mole·

294 3998 380 4052 otum
402 3996 450 4050 ost
472 3995 520 4049 ter
540 3983 692 4070 deinceps
709 3984 882 4069 repetitum
902 3982 976 4071 τῆς,
996 3983 1089 4069 cujus
1112 3987 1159 4049 rei
1177 3986 1316 4053 alterum
1333 4010 1430 4056 exem·
1474 3975 1476 3984 ¹

294 4092 386 4180 plum
417 4092 506 4180 apud
536 4092 710 4158 Attianum
740 4089 899 4158 desidero.
939 4092 1057 4178 Legam
1084 4093 1273 4180 simpliciter
1304 4085 1363 4162 ἐπὶ
1382 4093 1434 4182 τῆς

293 4187 414 4287 Ἰκάρου
434 4196 495 4285 τῆς
514 4221 543 4263 ιι.
564 4221 594 4263 τ.
617 4197 646 4264 λ.
665 4197 756 4279 Quae
774 4198 881 4264 insula
900 4220 959 4264 cur
981 4199 1182 4284 potissimum
1206 4200 1291 4266 lcari
1311 4202 1436 4267 nomine

294 4303 455 4390 appellato
467 4302 713 4384 sic-Ioduro
723 4325 773 4390 ap.
784 4305 866 4370 Plin.
875 4305 932 4373 VI.
944 4306 987 4371 32
999 4306 1066 4371 sine
1077 4305 1178 4371 dubio
1189 4308 1339 4373 vitiosum
1348 4318 1437 4374 est-

294 4409 430 4475 miratur
446 4410 630 4499 Droysenus
650 4434 683 4498 p.
703 4413 782 4479 573.
805 4412 965 4498 Equidem
978 4434 1107 4479 oausam
1117 4415 1152 4477 in
1168 4413 1242 4481 fano
1259 4415 1379 4482 Dianae
1393 4415 1437 4481 ibi

295 4527 423 4603 roperto
445 4518 546 4583 latero
564 4538 680 4583 censeo
703 4540 712 4583 r
731 4540 805 4585 nam
822 4520 918 4586 otiam
935 4511 1082 4586 inmotis
1101 4520 1224 4609 Aegaei
1242 4523 1337 4589 Icaro
1353 4522 1437 4607 ejus·

294 4620 369 4688 dom
392 4624 557 4692 Deseruit
576 4624 757 4711 templum,
780 4616 1008 4715 Ταυροπόλον
1028 4625 1171 4709 dictum,
1192 4629 1268 4695 satis
1289 4628 1438 4710 celebre,
