3300 5600
788 609 827 670 11

235 784 419 848 nobianon
441 781 617 862 ridebitur,
643 782 720 869 quin
739 782 870 846 illarum
889 783 957 845 tere
978 782 1118 845 omnium
1141 783 1246 861 tertia,
1269 783 1370 848 Alex-‘

235 889 340 954 andro
373 872 479 951 autem
509 909 594 952 unna
622 891 656 951 in
686 888 796 972 paucis
823 887 1006 967 familiaris,
1038 888 1200 972 praeclare
1227 890 1368 973 potnerit

236 993 643 1082 gravissimoargumonto
671 992 813 1079 defungi.
846 993 904 1058 Cui
932 1013 1006 1059 rere
1033 993 1193 1057 scribendi
1222 995 1367 1059 facultati

235 1113 398 1188 quatenus
422 1100 617 1163 voluntatem
642 1099 866 1181 conjunxerit,
891 1121 991 1185 quum
1021 1100 1083 1163 alia
1108 1099 1226 1164 indicia
1247 1099 1393 1175 deside,

234 1218 369 1282 rentur,
393 1207 528 1269 maximo
552 1228 589 1269 ex
610 1204 744 1270 Arriano
768 1205 932 1270 efficimus:
973 1206 1143 1270 Rarissime
1165 1208 1249 1270 enim
1269 1206 1368 1271 ceteri

235 1312 409 1396 scriptores
437 1310 476 1374 ad
512 1311 686 1375 Ptolemaei
726 1313 966 1375 commentarios
999 1333 1172 1396 provocare
1208 1309 1364 1396 solent¹);

237 1437 452 1505 quamquam,
485 1419 833 1503 quotiesurovocant,
866 1431 902 1483 ut
932 1418 1029 1482 semel
1056 1416 1204 1505 Strabotl
1236 1430 1269 1483 et
1287 1419 1366 1484 Cur-

236 1519 358 1608 riusa),
393 1522 441 1586 bia
478 1520 725 1609 Plutarchust),
758 1525 850 1588 toties
888 1546 961 1589 eum
999 1535 1149 1612 tanquam
1181 1523 1366 1589 fidissimum

271 1841 297 1910 1)
313 1844 427 1894 Plinium
445 1845 521 1894 etiam
546 1845 574 1894 in
599 1847 671 1895 Hiat.
697 1847 761 1896 Not.
785 1847 909 1909 quaedam
934 1862 966 1896 ex
983 1849 1121 1898 Ptolemaei
1143 1860 1218 1912 opere
1238 1845 1365 1910 bantiara,

232 1930 296 1982 inde
312 1931 438 1995 conjiciat
454 1931 530 1995 licet,
548 1931 617 1995 quod
632 1932 659 1981 in
671 1932 816 1995 Indiuidua,
837 1933 882 1996 qui
900 1939 1037 1996 vocantur,
1052 1935 1190 1983 Auctorem
1205 1933 1237 1981 ad
1253 1933 1299 1983 lib.
1318 1932 1366 1981 llll

235 2021 262 2066 ot
278 2017 342 2066 Xlll
361 2019 524 2067 Ptolemaeus
537 2019 629 2084 Lagea
647 2019 675 2086 (l.
695 2016 774 2085 Lagi)
793 2024 955 2077 memoratur.
981 2021 1028 2083 At,
1044 2021 1113 2082 quod
1129 2020 1234 2068 maxime
1250 2019 1364 2084 mireris,

233 2104 335 2168 ingenti
354 2102 506 2169 ecriptorum
524 2120 645 2168 numero,
674 2105 770 2169 quibua
791 2104 940 2170 Athenaeua
957 2121 1018 2154 uana
1032 2108 1086 2170 est,
1105 2104 1365 2155 Ptolemaeuadetult.

266 2186 296 2254 2)
313 2190 364 2240 Vll
379 2207 405 2256 p.
421 2187 472 2238 ⁴162
490 2189 520 2239 A.
537 2191 565 2240 B.
583 2190 689 2259 (Pragm.
708 2188 761 2256 tt).

266 2271 295 2340 3)
312 2275 357 2324 11.
374 2274 401 2326 5.
414 2273 447 2323 21
467 2277 575 2343 (Pragm.
597 2274 708 2342 ΧΧΙΙΙ.)

249 2357 294 2426 ’4)
310 2361 386 2411 Alter
406 2361 479 2410 locut
497 2360 592 2424 legitur
609 2365 681 2413 Orat.
705 2363 737 2412 da
755 2362 831 2414 Alae.
855 2378 877 2413 a.
902 2366 963 2415 virt.
983 2365 1120 2424 a.fort.1.
1141 2361 1157 2412 3
1177 2363 1283 2432 (uragu.
1300 2360 1363 2428 Ν),

231 2447 297 2497 alter
320 2447 372 2496 Vir.
394 2446 471 2496 Alea.
495 2447 586 2510 XLVI,
609 2463 688 2512 quern
710 2452 740 2495 ut
756 2448 870 2498 Charctia
886 2451 1001 2514 reliqniis
1019 2451 1145 2514 incerere,
1164 2450 1200 2500 ita
1219 2450 1366 2512 fragmentie

232 2532 372 2583 Ptolomaei
386 2537 414 2583 at
426 2532 567 2582 Ariatobuli
582 2532 685 2583 demere
700 2551 752 2584 non
769 2535 893 2586 dubitari.
918 2537 1010 2600 Agitur
1026 2537 1058 2587 do
1076 2552 1213 2600 congreaau
1231 2535 1365 2585 Alexandri

232 2643 292 2676 oum
312 2629 412 2701 Regina
426 2626 595 2692 Amazonum,
614 2630 689 2693 cujna
702 2630 768 2680 tacta
782 2632 911 2681 montione
927 2633 1047 2683 Arrianus
1067 2633 1123 2682 VII.
1141 2631 1182 2682 13.
1200 2631 1239 2682 2:
1260 2621 1364 2682 Tadio

234 2710 281 2793 δὲ,
300 2727 402 2791 inquit,
421 2705 488 2775 οὔτε
507 2708 732 2796 Ἀριστόβουλος
750 2711 816 2778 οὔτε
835 2720 1023 2797 Πτολεμαῖος
1043 2711 1110 2780 οὕτε
1126 2743 1170 2794 τις
1188 2713 1276 2797 ἄλλος
1295 2717 1361 2783 οἰνέ-

231 2831 361 2900 ηραψεν,
384 2808 467 2892 ὅστις
495 2812 592 2892 ἱκανός
613 2811 687 2902 ὑπὲρ
709 2820 771 2883 τῶν
791 2815 932 2883 τοιούτων
951 2822 1174 2905 τεκμηριῶσαι·
1194 2819 1265 2886 οὐσὲ
1284 2826 1367 2888 δοκεῖ

232 2942 284 2999 μοι
305 2917 339 2981 ἓν
360 2917 405 3007 τῷ
428 2913 497 2982 τότε
519 2915 674 2996 σώζεσθαι
695 2918 732 2984 τι)
755 2919 837 3004 γένος
863 2926 924 2986 τῶν
944 2920 1129 3006 Ἀμαζόνων.
1156 2940 1285 2990 simillima
1302 2945 1362 2991 aunt

232 3048 297 3097 quae
318 3032 383 3081 dicit
406 3032 495 3082 Strabo
520 3034 554 3083 x1
578 3051 603 3099 p.
624 3032 673 3083 ⁷71
694 3035 724 3086 A.
741 3036 775 3100 B,
793 3038 838 3087 nbi
860 3040 1002 3089 Clitarchus
1023 3044 1129 3089 vocatur
1151 3021 1168 3089 ot
1188 3023 1287 3112 πατήρ
1309 3030 1364 3091 wel

231 3118 334 3207 λόγου,
354 3146 507 3197 quamquam
527 3132 627 3198 plurer,
649 3138 678 3183 nt
696 3151 754 3185 mox
775 3139 885 3203 patebit,
911 3141 1017 3189 eandem
1040 3141 1158 3191 sa'bellam
1175 3149 1356 3208 propagarunta

231 3242 294 3293 quoa
310 3225 357 3291 qui
375 3222 457 3272 oeouti
473 3222 539 3286 rint,
553 3223 664 3273 indicari
682 3216 778 3277 Ιλννίσ.
798 3230 899 3295 Italiqq.
917 3248 943 3295 p.
960 3230 994 3280 89
1010 3247 1048 3295 aq.
1075 3232 1140 3297 Quid
1158 3248 1218 3281 vero
1233 3233 1250 3282 l.
1267 3234 1286 3284 l.
1303 3235 1361 3286 Plu-

231 3323 351 3375 tarebar?
374 3302 536 3387 Ἐνταῦθα,
555 3319 603 3384 ait,
620 3303 698 3390 πρός
719 3307 812 3374 aritio
823 3310 985 3397 ἀφικέσθαι
998 3312 1054 3399 την
1068 3310 1226 3395 Ἀμαζόνα
1243 3315 1271 3379 oi
1288 3322 1361 3381 πολ-

231 3412 275 3475 λοὶ
296 3407 445 3495 λέγουσα,
477 3399 520 3473 ὦν
539 3404 588 3473 adi
609 3408 800 3498 Κλείταρχός
819 3415 882 3479 ἐστι
901 3418 950 3479 καὶ
970 3413 1154 3504 Πολύκριτος
1175 3420 1224 3482 καλ
1246 3416 1360 3505 Ὀνησί-

230 3539 326 3601 κριτος
343 3514 393 3577 aot
412 3509 582 3598 Ἀντιγένης
602 3516 651 3575 καὶ
665 3507 811 3601 Ἴστρος·
835 3515 1064 3605 Ἀριστόβουλος
1086 3521 1121 3585 σὲ
1141 3524 1190 3586 καὶ
1211 3519 1358 3609 Χοῖρηςό

231 3609 424 3701 liooyyrltrig
449 3616 498 3680 ani
524 3620 759 3709 Πτολεμαῖος
778 3620 828 3683 καὶ
847 3617 1046 3709 Ἀντικλείδης
1072 3664 1111 3676 -
1137 3622 1260 3708 πλάσμα
1282 3627 1357 3712 φασὶ

228 3717 376 3806 γεγονέναι
403 3721 499 3784 τοῦτο.
537 3719 601 3783 Kal
628 3726 790 3807 μαρτορεΐν
816 3720 916 3802 αὐτοῖς
943 3722 1032 3791 ἔοικεν
1058 3724 1262 3815 Ἀλέξανδρος.
1287 3743 1359 3807 Quod

228 3827 308 3891 igitur
328 3827 360 3876 de
382 3825 528 3876 Aristobulo
543 3830 570 3874 et
582 3820 725 3876 Ptolemaeo
743 3827 837 3878 diaerte
853 3836 930 3893 negat
948 3832 1083 3898 Arrianna,
1105 3852 1163 3883 cnm
1178 3835 1300 3884 Strabone
1320 3838 1360 3884 te-

231 3917 327 3975 ntatur,
343 3928 370 3961 ao
388 3912 438 3961 fido
453 3911 558 3975 dignum
573 3910 721 3962 biatoricum
736 3916 859 3979 reperisse
874 3917 988 3983 nullum,
998 3921 1042 3983 qni
1057 3920 1127 3974 illam
1142 3919 1356 3970 narratiunculam

229 3998 367 4049 memoriae
388 3997 555 4064 prodidiaaet3
580 3997 607 4046 id
630 4005 719 4049 contra
742 4017 756 4049 a
780 4002 917 4052 Plutarcho
942 4004 977 4053 ita
1003 4006 1152 4055 affirmatum
1176 4007 1304 4069 videmur,
1328 4011 1357 4054 nt

226 4089 330 4151 praeter
347 4085 410 4133 alioa
428 4083 571 4149 complures
587 4084 748 4135 Ariatobulna
767 4092 793 4136 et
812 4089 972 4139 Ptolemaeus
986 4091 1013 4140 in
1031 4094 1084 4141 auia
1100 4097 1209 4156 uterque
1228 4107 1357 4142 commen·

226 4172 297 4220 teriia
316 4161 474 4220 mentionein
495 4170 648 4219 Amazonum
671 4164 841 4245 injectare‘et
866 4176 1023 4239 reliquorum
1043 4180 1193 4244 rcriptornm
1214 4184 1355 4230 commenta

225 4257 363 4324 exploaiaeo
380 4256 524 4306 videantur.
550 4256 617 4320 Quae
635 4262 718 4308 tamen
737 4259 768 4307 lia
784 4262 853 4310 sacili
871 4277 947 4327 opera
964 4266 1135 4330 componitur,
1153 4266 1174 4315 ri
1190 4265 1355 4317 Plutarchum

224 4343 360 4393 statuimur
368 4356 470 4404 omnen,
484 4341 595 4405 quirem
608 4342 648 4391 rel
663 4360 714 4394 non
733 4354 960 4397 commemorarent
969 4351 1010 4400 vel
1022 4355 1162 4416 negarent,
1179 4352 1354 4417 conjunxisse,

225 4444 253 4490 et
270 4415 350 4488 rerbti
370 4438 439 4502 cjua,
464 4420 587 4507 πλάσμα
609 4427 684 4510 φασὶ
706 4426 851 4513 γεγονέναι
872 4432 974 4507 τοῦτο,
999 4449 1030 4497 de
1051 4449 1197 4498 Aristobulo
1218 4450 1306 4498 aaltem
1327 4453 1353 4497 et

224 4528 371 4579 Ptolemaeo
387 4528 422 4578 ita
437 4530 588 4597 accipimur,
607 4534 677 4597 quari
695 4534 741 4583 boa
760 4536 863 4586 silentio
880 4537 1019 4587 declaratae
1036 4538 1141 4603 dixerit,
1162 4554 1214 4587 rem
1234 4538 1304 4588 illam
1321 4540 1352 4587 de

223 4614 379 4665 Amazonum
391 4619 554 4678 goatatotam
571 4633 625 4669 eoae
642 4624 848 4675 commentitiam.
867 4625 930 4673 lltut
948 4630 999 4689 oet,
1013 4627 1111 4677 Arriani
1125 4626 1260 4676 auctoritas
1274 4629 1352 4689 quum
