3300 5600
796 573 860 636 1³8

263 743 322 806 nisi
347 741 567 821 nobilissimis,
598 744 707 807 saltem
729 746 977 830 spectatissimae
999 741 1075 810 fidei
1097 746 1169 810 viris
1190 716 1299 813 aditum

264 847 377 928 tuisse,
402 849 450 913 vix
482 848 638 935 estquod
663 847 864 936 moneam1).
906 851 955 917 Ad
984 850 1044 916 hoo
1069 852 1238 917 Persarum
1264 854 1299 918 tta

262 955 443 1041 exemplum
462 954 661 1033 Alexander,
685 966 722 1020 ut
741 957 842 1022 multa
865 959 926 1024 alia
949 958 1117 1022 Persarum
1135 957 1278 1025 instituta
1298 983 1299 1022 1

261 1061 328 1146 pit,
359 1059 405 1124 ita
426 1070 547 1124 mutato
572 1061 699 1126 nomine
719 1053 962 1150 Ἀζαραπατεῒς
987 1062 1047 1128 sibi
1074 1047 1244 1130 ads’cirisse
1272 1087 1299 1130 n

261 1164 316 1229 sed
341 1175 471 1251 propter
497 1187 597 1231 unum
619 1164 787 1234 Charetem
814 1179 962 1253 putatur,
995 1190 1091 1255 quem
1117 1168 1198 1235 adeo
1220 1170 1299 1236 Alex:

261 1272 304 1339 ld.
330 1273 451 1337 iaciunt
472 1267 678 1357 Eiooyyelic.
719 1273 810 1356 Quae
837 1284 943 1339 tamen
971 1275 1149 1341 communis
1179 1277 1299 1340 receuti

262 1379 416 1443 sententia
441 1375 518 1441 mibi
545 1375 672 1442 ridetur
699 1379 785 1443 omni
812 1401 923 1446 carere
952 1392 1152 1468 argumento.
1193 1381 1279 1465 Quid

260 1482 476 1550 Plutarchus?
498 1468 630 1569 Χάρης,
652 1483 716 1563 ait,
740 1471 1044 1572 dotoaypstslcs).
1067 1486 1184 1571 Cujus,
1208 1509 1299 1567 nona

260 1761 356 1811 dicitur
371 1759 439 1809 idem
457 1765 485 1809 et
501 1745 721 1835 ἀγγελιηφόρος.
742 1761 839 1810 «Nemo
856 1759 910 1810 sino
922 1760 972 1810 hoc
984 1761 1157 1826 admittitur,»
1176 1764 1213 1813 sit
1229 1765 1299 1816 Corn.

264 1857 314 1906 Vs't.
334 1855 394 1906 Gon.
411 1857 457 1905 111.
476 1853 507 1920 2,
526 1855 571 1904 ubi
588 1870 728 1922 pronomen
746 1856 792 1904 too
809 1870 862 1904 non
879 1870 939 1905 cum
956 1855 1055 1906 Bromio
1071 1863 1178 1922 nauus,
1192 1858 1237 1908 sed
1252 1875 1299 1909 mos

260 1966 355 2016 genero
372 1951 470 2000 dictum
488 1949 604 2001 babeam.
622 1938 698 2001 Sacas
719 1940 765 2028 τῷ
784 1932 913 2028 οἰνοχόῳ
934 1936 1135 2022 Εἷσαγγελίως
1160 1966 1254 2001 munus
1273 1953 1299 2002 tn'

259 2047 326 2114 apud
344 2045 461 2111 Xenoph.
481 2046 570 2112 Cyrop.
588 2047 609 2096 1.
620 2043 682 2097 8.8.
703 2047 794 2096 lloctss
812 2039 890 2109 atque
902 2045 956 2095 dies
966 2044 998 2095 ad
1007 2045 1157 2096 cubiculum
1168 2048 1244 2110 Regis
1251 2063 1299 2097 esci

260 2126 453 2215 Ηραγγελεῦς
476 2154 685 2206 unumquemque
705 2139 738 2188 ab
757 2138 829 2188 aditu
847 2137 905 2202 ejus
927 2139 1048 2202 arcebat,
1070 2142 1100 2188 ut
1122 2140 1184 2192 satis
1200 2145 1271 2205 patet
1290 2156 1299 2190 s

259 2238 316 2290 loco
334 2236 463 2288 Herodoti.
481 2239 626 2303 Quo'mor'e
646 2236 784 2300 abrogato,
803 2237 899 2300 septem
921 2234 960 2284 illi
977 2234 1076 2284 nobiles
1093 2234 1199 2301 Persae,
1213 2250 1299 2300 quoru

259 2330 348 2382 Padus
365 2331 507 2397 Hystaspis,
525 2331 594 2380 iuter
608 2345 635 2379 se
651 2329 854 2391 constituerant,
872 2313 1008 2402 παριέναι
1030 2316 1061 2394 ἒς
1083 2312 1122 2380 ui
1137 2315 1279 2403 βασιλήὶα
1296 2347 1299 2382 1

258 2419 314 2486 sris
330 2417 508 2504 βουλόμενον
529 2421 590 2486 τῶν
613 2416 689 2485 inrui
713 2414 783 2485 ἄνευ
807 2417 1002 2503 Ἐσαγγελὲος,
1024 2417 1062 2506 ἢν
1079 2417 1125 2505 μή
1142 2417 1299 2515 τυγχάνῃ.

257 2521 334 2606 μετά
350 2522 489 2608 γυναικδς
506 2519 650 2607 βασιλεύς.
668 2535 757 2583 llsrrat
769 2532 913 2582 Herodotus
930 2518 1299 2596 111.8t.s1iaeoltegaru1itt

258 2631 354 2694 lingius
364 2629 395 2680 ad
414 2630 486 2682 Diod.
505 2631 555 2681 Sic.
572 2630 639 2681 XVI.
652 2627 687 2678 17
702 2633 729 2679 ot
742 2628 852 2678 brisson.
868 2627 887 2678 l.
904 2627 923 2679 l.
942 2629 993 2692 lp.
1007 2624 1061 2677 411·
1074 2628 1101 2678 B.

296 2714 324 2780 1)
342 2718 459 2768 Testatur
482 2718 556 2768 Corn.
580 2718 662 2782 llepos
681 2716 700 2766 l.
720 2715 739 2764 l.
758 2730 764 2762 ι
783 2715 935 2776 «Cenoma
953 2712 1113 2764 Pharnabazo
1127 2712 1159 2763 sd
1177 2715 1299 2778 Rogems

257 2810 420 2871 posteaquam
437 2804 522 2869 vonit,
539 2804 649 2869 primum
666 2818 698 2853 ex
712 2818 782 2851 more
796 2802 930 2851 Persarum
942 2801 974 2850 sd
991 2801 1176 2865 Chiliarchum,
1195 2804 1244 2867 qui
1259 2818 1299 2851 sss

255 2891 366 2958 grodssss
376 2892 483 2957 imparis‘
492 2890 606 2955 imatos,
623 2890 785 2941 Tithrausten
793 2888 915 2952 accessit,
926 2902 1005 2951 seque
1014 2887 1127 2937 ostendit
1135 2903 1194 2937 oum
1203 2890 1272 2952 Rege
1280 2904 1299 2937 ci

256 2978 354 3028 selle.»
372 2978 471 3028 Diserte
487 2978 563 3050 etism
576 2977 608 3026 de
625 2976 769 3026 Aristasano
784 2977 871 3023 monet
885 2973 1008 3022 Diodorus
1020 2973 1039 3024 l.
1053 2974 1071 3024 1.
1081 3012 1088 3037 ,
1097 2973 1230 3024 Persarum
1242 2975 1298 3024 ind

256 3073 338 3140 duce,
349 3079 464 3141 tempore
472 3074 615 3124 Artaxerxis
625 3072 689 3122 Ochi
710 3089 716 3122 r
736 3050 834 3134 Οὗτος
854 3050 892 3141 ἦν
909 3053 1099 3140 Εἷσαγγελεΰς
1113 3057 1170 3120 τοῦ
1182 3054 1299 3141 βασιλέα

256 3158 474 3239 πιστότατος
494 3163 564 3227 τῶν
586 3160 701 3247 φίλων
720 3156 797 3242 pasci
819 3154 960 3240 Βαγώαν.
982 3169 1019 3219 ct.
1035 3167 1152 3234 xenoph.
1166 3168 1185 3218 l.
1202 3168 1222 3218 l.

290 3267 318 3334 2)
340 3270 390 3320 Vs't.
409 3269 580 3319 Atreum
600 3266 646 3336 (Gi.
668 3268 766 3330 Pragm.
787 3264 882 3333 vitu),
902 3265 948 3315 ubi
969 3280 1039 3314 auno
1059 3278 1090 3313 ex
1112 3264 1291 3314 emendatione

256 3366 327 3412 rests
345 3360 430 3412 editor
445 3347 558 3437 Χάρης
577 3346 596 3416 o‘
606 3346 800 3435 Elouyyslrsig
816 3388 857 3400 -
876 3348 1023 3425 Φίλιππος
1041 3342 1061 3411 c‘
1076 3344 1264 3430 Θευργελεύς.
1290 3364 1299 3415 t

256 3462 428 3521 exhibentX.
450 3446 471 3519 o‘
490 3446 685 3538 Elcayyatalg
700 3493 740 3506 —-
759 3439 832 3519 tto‘
851 3449 1056 3536 Eioosyyslsrig,
1078 3474 1154 3524 quam
1175 3460 1299 3510 lectionar

256 3566 317 3609 sunt
338 3561 534 3611 Sanctoorucius
549 3564 643 3611 Eoum.
663 3563 723 3611 crit.
742 3576 768 3626 p.
784 3556 833 3623 89,
845 3560 955 3609 liseren.
971 3557 1090 3617 dsfontt.
1107 3556 1181 3605 Plus.
1201 3572 1227 3620 p.
1243 3552 1287 3619 6⁷,

255 3645 275 3697 l.
292 3646 310 3697 l.
327 3662 352 3712 p.
363 3644 424 3698 211.
442 3646 505 3711 dlii,
518 3646 601 3697 secuti
613 3646 771 3711 Rsiuosium,
792 3646 850 3695 Vos.
869 3646 950 3697 Leon.
968 3646 990 3696 1.
1009 3642 1058 3707 25,
1075 3643 1161 3692 locum
1178 3642 1214 3691 ita
1232 3658 1299 3691 sansu

255 3744 384 3810 duarum,
409 3748 439 3793 ut
451 3744 623 3808 rescriberent
638 3737 682 3797 X.
703 3724 722 3793 si
742 3723 921 3813 Θεαγγελεύς
931 3766 972 3778 -
986 3727 1025 3792 Φ.
1039 3721 1057 3789 ὁ
1072 3720 1264 3809 (dempsistis,
1287 3751 1299 3800 p

256 3838 420 3887 consulentes
443 3837 557 3901 mareu,
579 3838 620 3889 sui
640 3836 695 3886 sino
721 3836 819 3885 ratione
839 3834 969 3901 duplicem
993 3832 1160 3883 obtroseruut
1181 3832 1299 3897 patriam,

255 3929 347 3993 angela
375 3926 460 3979 Cariae
487 3934 514 3979 et
536 3928 675 3995 llytileuen
696 3928 769 3977 Lesbi
791 3926 890 3977 urbem.
914 3926 950 3974 Ile
971 3925 1082 3991 Philippi
1102 3927 1189 3973 sutem
1213 3914 1299 3999 Εῑσσρ

244 4009 358 4071 'aliunde
382 4020 447 4071 nihil
474 4020 614 4086 quidquam
638 4023 752 4085 constat,
783 4021 828 4069 ssd
853 4018 1022 4087 praecedente
1045 4016 1170 4067 vocabulo
1199 4009 1299 4092 Εἶραν

256 4112 330 4163 tacita
347 4112 510 4179 intelligitur,
526 4112 654 4180 quomodo
667 4129 757 4180 parum
773 4116 863 4162 uotum
880 4110 977 4175 gentile
996 4125 1089 4160 nomeu
1107 4100 1288 4184 Θεαγγελεῦς

256 4208 310 4262 vari
332 4207 446 4273 potuerit
471 4221 478 4256 s
504 4207 554 4257 hoo
579 4209 648 4258 euim
673 4207 861 4259 restituendum
885 4221 940 4256 esse
960 4206 1121 4254 manifestum
1141 4206 1172 4255 fir
1192 4223 1224 4257 ex
1243 4209 1297 4258 Atb

256 4315 333 4367 quem
352 4300 410 4349 vide
428 4300 463 4349 Vl
482 4316 508 4366 p.
525 4298 576 4350 271
596 4302 631 4367 s,
648 4300 692 4351 ubi
705 4301 834 4367 scripsisse
847 4315 910 4366 opus
925 4295 1019 4349 dicitur
1036 4288 1103 4375 περὶ
1122 4292 1240 4371 Καρῶν
1263 4316 1299 4356 κα

256 4389 358 4477 λέγων.
392 4401 438 4450 Cui
461 4400 604 4451 testimonio
630 4401 652 4452 si
674 4401 799 4452 addideris
828 4401 914 4450 locum
940 4397 1085 4464 Strabonis,
1118 4400 1185 4466 (nv
1219 4418 1246 4468 p.
1270 4400 1299 4452 91

256 4491 450 4560 laudunensis
469 4491 508 4560 vti
529 4490 649 4581 Kaputti
669 4488 829 4578 γράψαντα
849 4502 1008 4568 Philippum,
1034 4499 1177 4578 dubitabis,
1190 4518 1252 4554 num
1269 4504 1297 4555 iu

257 4585 305 4656 ts's'i
327 4606 359 4656 ad
378 4606 463 4673 Eurip.
486 4608 564 4661 litos.
585 4606 636 4659 505
661 4608 739 4675 proba
766 4609 798 4657 sit
818 4607 898 4659 lectio
928 4594 1023 4684 ἕντῳ
1043 4592 1111 4680 περὶ
1134 4597 1252 4680 Καρῶν
1270 4621 1299 4660 tt¹
