3300 5600
858 618 899 678 68

312 793 371 859 rlao
404 817 432 860 v.
463 787 682 879 Ἀντίπατρος
708 792 722 856 Ι
752 815 784 877 p.
815 792 900 869 227,
939 809 1035 874 quern
1066 799 1240 871 utrumque
1269 782 1445 849 Aristobulo

311 899 492 969 vindicavit.
509 895 722 962 Ruhnkenius
754 897 805 984 (ad
827 898 928 962 Rutil.
953 896 1033 981 Lup.
1062 918 1094 980 p.
1118 896 1162 958 32
1185 915 1236 978 sq.
1263 891 1336 957 coll.
1358 889 1445 957 Birt.

310 1010 392 1071 crit
423 1006 537 1071 Orott.
561 1026 594 1088 p
622 1003 807 1091 LXXXII),
838 1003 935 1089 paulo
962 1001 1143 1066 accuratius
1163 1019 1326 1084 exponere
1348 995 1439 1078 jurat.

309 1111 501 1178 Plutarchus
529 1111 660 1197 igitur:
689 1098 802 1182 Ευθδς
823 1131 841 1172 ο
832 1086 1080 1194 Ἀλέξανδρος
1104 1092 1210 1191 ἐξῄτει
1229 1097 1426 1183 πέμπων
1383 1121 1440 1166 των

311 1216 509 1303 δημαγωγῶν
521 1211 598 1280 δέκα
613 1210 687 1297 μέν,
711 1204 756 1288 ὠς
772 1200 945 1339 Ἰδομενεδς
959 1207 1013 1273 καὶ
1030 1207 1152 1295 Δοῦρις
1171 1195 1349 1294 εἰρήκασιν,
1366 1193 1436 1269 daei

312 1318 400 1401 δως
418 1325 620 1393 οἱπλεῖστοι
646 1322 701 1390 καὶ
729 1312 848 1407 δοκιρ’
812 1345 943 1388 ιωτατοι
970 1320 1034 1386 τῶν
1063 1316 1292 1409 συγγραφέων,
1318 1304 1432 1382 τούσδε·

312 1432 523 1523 Δημοσθένη,
553 1423 773 1514 Πολύευκτον,
800 1421 985 1520 Ἐφιάλτην,
1013 1429 1217 1517 Λυκοῦργον,
1246 1423 1428 1516 Μοιροκλέα,

313 1539 466 1638 Δήμωνα,
489 1542 713 1632 Καλλισθένη,
738 1542 941 1632 Χαρίδημον.
972 1543 1059 1608 Nihil
1081 1565 1168 1610 nunc
1192 1565 1308 1609 curans
1326 1543 1428 1609 Plutar-

313 1660 367 1727 chi
385 1661 646 1738 inconstantiam,
673 1659 751 1722 alibi
778 1657 963 1726 denarium
983 1680 1153 1722 nnmerum
1171 1678 1229 1742 pro
1249 1678 1324 1721 aero
1342 1653 1427 1721 uendi·

311 1769 424 1848 tantis,
446 1766 526 1830 nihil
553 1777 735 1830 ceterorum
754 1767 948 1849 scriptorum
968 1765 1168 1845 testimonia,
1189 1787 1255 1853 qua
1276 1762 1317 1829 de
1334 1759 1427 1829 rediri

314 1874 355 1940 ad
373 1871 502 1937 Durid.
529 1869 620 1936 Sam
646 1869 734 1936 Bell.
752 1894 786 1956 p.
807 1876 849 1936 55
870 1893 931 1958 sq.,
952 1872 1104 1935 continuo
1131 1890 1265 1959 pergam
1285 1868 1327 1935 ad
1344 1867 1428 1934 Arriu-

313 2002 391 2044 num
400 1999 519 2061 cujus
530 1977 570 2042 de
582 1978 771 2042 Oratoribus
780 1988 882 2064 ,post
899 1989 1006 2063 captas
1027 1976 1150 2042 Thebas
1171 1976 1355 2063 postulatis,
1369 1975 1428 2040 hacc

314 2097 389 2151 sunt
410 2086 550 2152 verbal.
573 2087 626 2162 10.
645 2087 692 2148 4·
716 2071 899 2170 Ἐπιστολην
919 2072 1054 2170 γράψας
1074 2073 1162 2169 πρὸς
1180 2073 1236 2148 τδν
1261 2065 1429 2165 διμονέξη-

296 2213 368 2282 ,τει
389 2183 467 2264 codo
489 2179 578 2276 ἀμφὶ
598 2183 812 2277 Δημοσθένην
835 2184 889 2250 καὶ
910 2185 1123 2310 Λικρῦρμον·
1142 2181 1197 2249 καλ
1210 2177 1390 2271 Ὑπερείδην
1405 2175 1429 2245 δέ

319 2283 426 2379 ἐξῄτει
440 2315 495 2357 και
484 2281 712 2358 Πολυευκτον
729 2287 783 2354 καί
796 2278 849 2354 Χ
830 2312 935 2376 αρητα
947 2311 1001 2352 και
991 2285 1211 2377 Χαρίδημον
1225 2311 1280 2353 και
1270 2279 1428 2378 bordon

315 2393 369 2460 καὶ
392 2386 547 2479 Διότιμον
568 2392 622 2459 καὶ
646 2391 844 2481 Μοιροκλέα.
877 2393 974 2462 Vides
997 2417 1112 2459 ιιουινιι
1140 2395 1317 2474 recenseri,
1337 2391 1428 2482 quibo

318 2521 426 2585 neque
440 2513 510 2564 octo
525 2500 592 2579 illi,
605 2499 779 2565 Plutarcho
799 2501 984 2580 memorati,
1008 2501 1214 2566 continentur
1225 2523 1334 2565 omnes
1343 2523 1351 2582 ς
1365 2492 1428 2564 unte

320 2607 427 2692 palam
445 2616 492 2669 est
511 2628 548 2669 ex
564 2605 625 2670 alio
637 2607 724 2670 sonte
742 2606 912 2671 Arrianum
922 2606 1080 2686 hausisse,
1102 2629 1138 2671 ex
1150 2607 1215 2671 alio
1230 2603 1427 2672 Plutarchum.

318 2714 413 2776 llunc
434 2734 588 2797 ponamus
605 2735 661 2775 sua
677 2711 763 2797 apud
774 2712 997 2777 Aristobnlum
1009 2713 1138 2799 legisse3
1158 2735 1256 2801 quem
1274 2711 1429 2778 consultum

318 2819 359 2883 ab
377 2819 512 2883 Arriano
532 2831 641 2904 putes,
662 2818 812 2883 fidissimo
835 2820 1007 2884 Ptolemaei
1027 2830 1059 2883 et
1074 2820 1251 2885 Aristobuli
1271 2810 1426 2886 sectatore?

317 2927 538 2991 Ptolemaeum
562 2947 602 2989 an
628 2926 727 2989 alium
755 2925 957 3011 quemlibet?
990 2925 1084 2991 Haud
1111 2926 1305 2992 crediderim
1322 2932 1430 3013 propltt

318 3017 515 3097 constantem
535 3032 603 3096 fere
620 3031 747 3095 horiani
766 3053 904 3112 merem,
924 3034 956 3096 in
976 3034 1114 3119 graviori
1134 3023 1431 3099 testimoniorunti·

316 3139 467 3202 scrimine
479 3159 576 3224 quem
587 3150 741 3225 sequatur
753 3140 915 3221 nominare
927 3140 1026 3220 soliti,
1042 3139 1097 3204 sed
1116 3139 1195 3205 nihil
1211 3127 1431 3218 monentiuult

316 3239 368 3308 vel
389 3244 609 3309 concinniores
634 3246 807 3310 Ptolemaei
828 3248 1068 3311 commentarios
1089 3269 1126 3311 ex
1144 3246 1324 3311 Aristobuli
1345 3245 1431 3311 Histo-

316 3351 371 3414 riis
391 3351 569 3435 suppleuit,
587 3351 639 3415 vel
661 3350 772 3415 cadem
797 3362 935 3438 uterque
962 3355 1170 3438 scripserunt.
1204 3354 1431 3436 utrumcunque
1475 3398 1476 3407 ι

197 3459 199 3464 ’
318 3456 358 3520 de
379 3453 441 3520 hoc
462 3457 533 3521 loco
552 3468 694 3521 statuere
724 3458 832 3537 malis,
862 3460 907 3522 nil
928 3460 1040 3524 attinet
1062 3482 1069 3523 :
1091 3459 1314 3524 Aristobulum
1336 3482 1354 3525 a
1374 3458 1431 3521 Pu

317 3563 439 3626 lemaeo
450 3584 513 3626 non
524 3561 706 3628 dissensisse
719 3563 885 3649 probabile
897 3576 956 3645 est,
970 3587 1075 3650 neque
1083 3565 1163 3629 adeo
1171 3566 1260 3631 illius
1274 3573 1433 3651 esse,qm⁰

316 3667 445 3732 exhibet
461 3668 665 3736 Plutarchus.
690 3669 744 3734 Sic
764 3692 839 3734 vero
856 3682 945 3756 puta.
970 3672 1162 3737 Plutarchus
1180 3672 1353 3737 Oratorum
1370 3668 1433 3734 haec

316 3774 448 3840 tradidit
467 3775 610 3857 nomina,
632 3798 715 3863 quae
735 3778 928 3863 scriptorum
948 3780 977 3844 ei
993 3781 1129 3844 maxime
1146 3779 1356 3865 probatorum
1367 3771 1434 3863 pto

318 3880 615 3964 rimi·tradobant;
645 3885 702 3972 qui
723 3907 832 3948 rursus
853 3907 954 3970 quum
973 3886 1241 3973 apophthegmata
1260 3885 1318 3949 illa
1335 3884 1435 3949 Demo·

316 3988 435 4053 ethonis
453 3990 625 4055 memoriae
636 4012 701 4054 non
711 3990 941 4080 prodidissent,
960 3992 1045 4057 caah
1061 3992 1245 4059 Aristobulo
1263 3991 1436 4078 depromptt

315 4096 516 4181 reliquorum
527 4097 709 4162 testimonio
729 4097 895 4163 commode
916 4098 1091 4182 subjunxit.
1115 4102 1229 4188 Neque
1247 4100 1311 4164 alio
1330 4099 1438 4184 spectat

314 4202 471 4266 monitum
489 4224 496 4265 ε
517 4201 628 4267 Ταῦτα
649 4199 707 4285 μέν
729 4189 785 4267 οὖν
805 4194 925 4290 Ἀριστ.
948 4196 967 4270 ὁ
989 4211 1094 4271 Κασσ.
1110 4194 1268 4292 ἱστόρηκε.
1291 4205 1334 4270 At
1350 4201 1439 4269 multo

316 4310 411 4373 etiam
434 4308 591 4374 debiliore
610 4319 800 4395 argumento
819 4309 936 4374 Suidae
958 4310 1068 4376 locum
1083 4310 1295 4376 Ruhnkenius
1319 4310 1361 4377 ad
1378 4306 1441 4375 dri·

314 4414 477 4482 stabulum
487 4415 659 4480 transtulit.
683 4415 714 4478 Is
731 4436 739 4477 ι
759 4403 906 4500 Νικήσας
918 4412 968 4495 δέ,
980 4418 1039 4497 ait,
1052 4404 1123 4503 ᾔτει
1130 4407 1208 4491 τούς
1221 4412 1299 4480 δέκα
1309 4404 1444 4505 ῥήτορας

224 4607 226 4614 4
318 4518 373 4607 (cl.
395 4543 426 4588 r.
439 4516 654 4607 Δημοσθένης
671 4520 686 4583 Ι
702 4543 735 4606 p.
756 4514 862 4605 544),
884 4514 941 4595 otta
962 4517 1115 4599 ἐξέδοσαν
1132 4508 1320 4606 Ἀθηναῖοι·
1342 4521 1446 4605 Δημο-

315 4622 448 4713 σθένην,
470 4616 881 4715 Ὑπερίδην,·Λυκοῦρμον,
909 4614 1129 4705 Πολύευκτον,
1156 4611 1336 4712 Ἐφιάλτην,
1363 4622 1448 4709 eoo
1476 4645 1478 4652 ·
