3300 5600
852 588 909 662 12‘

305 790 414 836 rerum
439 768 611 835 Alexandri
651 779 763 834 testem
794 770 925 836 laudare
957 769 1116 837 ridentur.
1166 771 1319 837 Arrianus
1348 796 1440 858 vero,

305 887 463 964 qnantum
483 874 639 961 lagidae,
665 877 782 940 nemini
813 875 970 954 credidit,
997 877 1023 939 si
1044 897 1145 941 unum
1162 877 1341 964 excipimus
1362 881 1440 945 sri-

304 982 488 1062 stobnlnm,
516 983 550 1045 in
576 982 666 1064 cujus
686 1005 760 1048 curn
780 984 963 1048 Ptolemaeo
981 994 1137 1068 perpetuo
1154 982 1222 1047 lere
1246 996 1278 1049 et
1301 985 1341 1049 de
1362 1009 1438 1072 gra·

303 1090 439 1152 vissimis
461 1089 556 1153 rebus
579 1109 733 1152 consensu
750 1089 864 1153 merito
888 1090 978 1175 ponit
995 1089 1169 1153 maximum
1190 1111 1248 1174 pro
1270 1091 1440 1179 utriusque

305 1193 368 1258 lide
394 1206 629 1281 argumentum.
660 1195 743 1260 Hinc
769 1195 871 1260 multa
894 1196 964 1260 aliis
991 1206 1117 1259 narrata
1143 1195 1193 1258 rel
1215 1183 1260 1268 ιῦς
1284 1186 1440 1281 λεγόμενα

303 1289 402 1381 μόνον
438 1303 535 1366 relert
546 1298 593 1388 1),
629 1303 678 1364 rel
717 1302 849 1366 illorum
884 1303 1074 1367 auctoritate
1102 1301 1208 1387 palam
1245 1301 1400 1387 explodit.
1411 1302 1437 1392 ²)

305 1406 522 1472 Ptolemaeum
540 1419 570 1472 et
591 1407 811 1473 aristobulum
828 1409 910 1473 solos
926 1407 1052 1492 judicat
1073 1402 1198 1480 ἱκανσύς
1220 1406 1440 1496 τεκμηριῶσαι

303 1502 390 1599 ὑπερ
412 1511 476 1577 ταῖν
495 1512 646 1592 soniviis,
662 1512 701 1578 'et
725 1515 829 1580 sicubi
855 1515 895 1580 ab
921 1516 1022 1580 altero
1043 1517 1125 1582 alter
1144 1515 1306 1597 dissentit,
1335 1528 1438 1583 tamen

304 1618 383 1684 dicit
406 1611 484 1693 τούς
504 1609 590 1684 πάνυ
612 1611 749 1693 mensoris
770 1615 805 1696 ἐς
825 1611 882 1707 την
903 1610 1063 1709 ἀφήγησιν
1077 1623 1117 1706 ³).
1152 1622 1326 1686 Ptolemaei
1345 1624 1438 1688 etiam

304 1729 367 1793 lide
383 1730 500 1807 fretus,
517 1727 654 1792 Nearchi
664 1739 695 1791 et
706 1727 899 1807 Onesicriti,
925 1729 1031 1813 regiae
1053 1728 1160 1792 classis
1179 1729 1435 1813 praefectorum,

303 1836 526 1900 anctoritatem
550 1845 737 1919 aspernatur
753 1835 787 1896 in
809 1855 942 1897 numero
967 1833 1096 1897 navium
1114 1833 1330 1913 recensendo,
1357 1857 1436 1922 qnae

304 1963 379 2006 cum
397 1938 577 2004 Alexandro
595 1939 629 2003 in
650 1940 796 2026 Hydaspe
816 1939 860 2008 fl..
880 1940 1070 2026 navigarunt
1079 1935 1120 2026 ⁴).
1151 1940 1215 2006 Cur
1233 1951 1343 2004 autem
1361 1943 1437 2006 Pto-

301 2048 460 2111 lernaeum
483 2057 606 2110 tantum
626 2058 788 2132 praestare
816 2044 879 2109 fide
907 2047 1111 2133 opinaretur,
1135 2045 1288 2111 Arrianus
1313 2046 1436 2113 duabus

301 2154 436 2217 maxime
464 2153 565 2217 causis
595 2174 629 2215 se
661 2164 855 2216 commotum
884 2151 1038 2231 ostendit,
1068 2153 1169 2217 altera
1192 2142 1257 2230 ὅτι,
1281 2144 1371 2239 πρός
1391 2152 1436 2236 τῷ

301 2256 538 2344 ξυστρατεῦσαι
558 2246 774 2343 Ἀλεξάνδρῳ,
797 2255 850 2321 καὶ
873 2249 963 2340 αὐτῷ
983 2255 1115 2338 βασιλεῖ
1134 2245 1203 2321 ὄντι
1224 2247 1436 2348 αἰσχρότερον

301 2350 323 2446 ἤ
339 2382 385 2442 τῳ
401 2351 488 2442 ἄλλῳ
507 2348 703 2446 ψεύσασθαι
716 2348 767 2447 ἦν,
786 2362 886 2426 altera
902 2351 952 2423 ὅτι
967 2348 1230 2447 τετελευτηκότος
1246 2350 1308 2448 ἤδη
1329 2353 1434 2442 Ἀλεξ-

302 2455 423 2552 άνδρου
454 2456 672 2554 ξυγγράφσιτι
703 2458 793 2550 αυτῷ
822 2459 842 2556 η’
874 2489 911 2532 τε
938 2459 1054 2555 ἀνάγκη
1086 2466 1140 2532 καὶ
1175 2458 1195 2534 o‘
1226 2460 1353 2552 μισθὸς
1379 2468 1435 2536 τοῦ

300 2558 407 2642 ἄλλως
432 2591 464 2633 τι
491 2559 579 2657 ἢὼς
600 2567 778 2660 συνηνέχθη
800 2561 988 2659 ξυγγράψαι
1018 2563 1152 2660 dedet).
1185 2573 1310 2656 Quibus
1339 2575 1434 2639 ratio·

301 2678 395 2743 nibus
414 2699 478 2764 quo
497 2677 760 2743 commendentur
776 2678 864 2744 baud
882 2678 982 2745 deest.
1006 2679 1115 2761 Quum
1134 2680 1219 2744 enim
1235 2680 1432 2747 Ptolemaeus

302 2805 366 2848 non
389 2795 430 2860 ut
454 2806 481 2850 r.
507 2807 534 2850 c.
560 2783 600 2848 de
626 2785 833 2866 Callisthene,
866 2797 903 2851 ut
930 2784 969 2849 de
998 2784 1178 2851 Onesicrito
1202 2796 1343 2867 constat,
1366 2788 1433 2851 vivo

300 2891 480 2957 Alexandro
492 2893 733 2958 commentarios
744 2893 915 2972 scriberet,
928 2891 982 2956 sed
1001 2915 1037 2956 eo
1057 2892 1185 2957 demum
1205 2903 1349 2981 tempore
1360 2893 1448 2957 ede-v

301 3009 372 3079 ret,
397 3021 462 3086 quo
480 2999 565 3064 inter
581 3021 779 3065 successores
799 2998 972 3073 Alexandri
992 2998 1086 3063 lacile
1106 2999 1255 3087 princeps
1270 2999 1338 3083 jam
1358 3022 1432 3065 con·

304 3196 503 3205 *-

301 3319 333 3368 ds
355 3334 411 3367 mea
430 3319 556 3369 sententis
580 3320 628 3370 hac
649 3322 676 3371 in
705 3337 733 3370 re
751 3320 910 3387 praevaleat,
935 3320 1089 3371 Plutarcheo
1110 3320 1167 3369 loco
1194 3320 1266 3369 nulla
1285 3325 1325 3369 est
1350 3335 1432 3383 nsque

302 3406 329 3453 in
346 3405 486 3454 Aristobnli
500 3422 586 3471 neque
602 3407 630 3456 in
645 3407 784 3458 Ptolemaei
803 3407 951 3470 fragmentis
968 3406 1042 3457 sedes
1058 3405 1215 3469 assignanda.

337 3489 363 3552 l)
380 3491 495 3542 Prodem.
514 3492 539 3543 3.

336 3576 363 3642 2)
381 3579 479 3627 Iecirco
496 3580 692 3630 comessationes
704 3582 731 3629 in
746 3581 889 3644 Carmania,
907 3595 921 3629 a
940 3578 1114 3644 compluribus
1126 3577 1293 3642 scriptoribus
1309 3592 1435 3627 memora·

303 3680 357 3739 tas,
375 3675 454 3722 laetas
470 3690 524 3724 esse
539 3681 662 3741 pernegat
674 3678 717 3725 vt.
736 3675 779 3727 28.
790 3674 808 3725 2
819 3677 927 3744 (Fragm.
938 3671 1164 3738 Aristonxtlvt.
1180 3656 1291 3724 Ταῦτα
1313 3659 1363 3741 δὲ,
1381 3676 1433 3738 sit,

302 3754 368 3827 odra
400 3766 588 3846 Πτολεμαῖος
627 3760 646 3829 o‘
672 3761 781 3850 Λάγου
813 3760 881 3830 os's'ra
913 3759 1136 3848 Ἀριστόβουλος
1163 3758 1181 3825 o‘
1208 3758 1434 3847 Ἀριστοβσύλυυ

301 3863 466 3952 ἀνέγραψεν
487 3865 560 3931 ov'rls'
568 3894 612 3945 τις
624 3862 710 3946 ἄλλος
716 3918 726 3946 ,
749 3863 846 3933 ὅντινα
865 3864 966 3934 ἱκανόν
986 3860 1023 3931 ἄν
1033 3893 1078 3943 τις
1091 3861 1244 3951 ποιήσαιτο
1266 3868 1434 3952 τεκμηριῶ-

301 3992 350 4033 σαι
364 3966 440 4056 dudo
459 3973 520 4035 τῶν
535 3973 668 4037 τοιῶνδε.
690 3972 742 4036 κατ’
752 3998 804 4054 μοι
820 3968 861 4050 αἱς
879 3970 914 4035 od
925 3968 1014 4037 πιστά
1031 3966 1259 4056 ἀναγεγράφθω
1270 3966 1432 4056 ἕξήρκεσεν.

301 4078 399 4126 iccirco
415 4093 585 4143 quaecunque
606 4080 637 4128 de
660 4096 798 4143 congressu
815 4080 950 4130 Alexandri
967 4094 1026 4128 eum
1038 4080 1192 4128 Amazonum
1214 4077 1309 4139 Regina
1325 4077 1358 4126 ab
1378 4078 1434 4126 aliis

302 4162 397 4227 scripto
405 4165 522 4215 mandata
538 4169 613 4231 sunt,
626 4181 708 4215 meras
720 4166 798 4216 habet
813 4167 919 4216 fabulas.
938 4166 1000 4215 Vide
1017 4182 1043 4231 p.
1060 4164 1101 4214 10.
1121 4165 1219 4214 lecirco
1236 4164 1339 4213 tandem
1357 4180 1432 4228 qnam

301 4251 470 4300 Romanorum
491 4252 523 4299 sd
545 4252 715 4301 Alexandrum
740 4254 893 4317 legationem
914 4253 1052 4317 scriptores
1064 4251 1168 4316 quidem
1185 4257 1433 4314 commemorarunt,

301 4336 364 4384 licet
379 4352 431 4385 nou
447 4338 551 4387 omnino
565 4345 659 4407 neget,
677 4340 751 4389 valde
763 4346 850 4391 tamen
862 4344 1003 4406 suspectam
1020 4344 1107 4405 putat,
1126 4339 1182 4387 Vll.
1200 4335 1242 4385 15·
1260 4337 1294 4401 ὅ,
1316 4336 1342 4388 6.

336 4420 363 4485 3)
383 4424 426 4475 tv.
445 4420 487 4472 14.
509 4424 534 4473 3.

337 4505 363 4569 4)
381 4509 424 4557 Vl.
445 4507 505 4558 Μ
527 4512 632 4577 (Pragm.
652 4512 736 4578 ΧΧΙ.)

338 4591 365 4657 5)
383 4595 495 4645 Prodsm.
515 4593 541 4645 2.
