3300 5600
233 2334 329 2383 verse
353 2312 479 2383 saltem
497 2314 631 2408 gratiae
647 2311 772 2396 fidem,
799 2315 926 2410 gravia·
932 2312 1071 2406 pusillis
1083 2322 1350 2405 anteponentes,

232 2458 318 2530 prae
342 2436 423 2506 aliis
450 2438 619 2507 servirent
647 2440 860 2509 narrationis
882 2438 1022 2507 veritati
1049 2447 1101 2518 et,
1132 2448 1173 2508 ut
1191 2460 1353 2531 quaeque

231 2559 458 2644 accidissent,
483 2563 569 2632 satis
591 2561 741 2632 candide
760 2565 889 2657 scripto
910 2561 1129 2632 mandarent.
1157 2561 1277 2655 Atque
1296 2560 1353 2631 his

230 2687 388 2756 melioris
409 2695 516 2756 notae
539 2684 765 2779 scriptoribus
790 2710 903 2781 quum
927 2685 971 2756 de
994 2689 1173 2756 communi
1191 2689 1352 2757 omnium

231 2812 407 2881 sententia
438 2811 686 2882 Ptolemaeum
715 2829 751 2883 et
776 2810 1025 2883 Aristobulum
1047 2813 1219 2883 accenseri
1245 2813 1349 2892 scias,

230 2958 304 3007 non
323 2934 518 3007 admodum
543 2937 733 3018 mirabere,
760 2938 811 3006 mi
836 2932 960 3019 Gemi,
986 2935 1075 3030 quid
1098 2934 1187 3005 mihi
1211 2958 1351 3028 persua·
1474 2957 1478 2962 ’

230 3061 335 3143 serit,
362 3070 405 3130 ut
436 3059 481 3130 de
512 3061 658 3130 illorum
693 3062 951 3132 commentariis
972 3084 1064 3155 quae
1088 3082 1265 3154 superesse
1284 3061 1352 3130 fra-

231 3194 376 3279 gmenta
385 3184 542 3256 videram
555 3186 759 3281 colligerem
771 3184 959 3280 diligenter
970 3196 1014 3267 et,
1032 3181 1174 3255 A'rriani
1183 3186 1353 3278 excerptis

232 3307 370 3391 addita,
399 3310 439 3379 in
452 3332 566 3378 uuum
590 3331 714 3401 corpus
732 3310 935 3405 redigerem.
963 3299 1172 3390 Accedebat,
1196 3307 1293 3403 quod
1309 3307 1353 3378 de

233 3430 442 3504 Aristobulo
473 3456 578 3504 nemo
604 3436 793 3529 quisquam
815 3444 976 3504 accurate
995 3432 1140 3514 dixisse,
1164 3431 1208 3503 de
1232 3432 1351 3502 Ptole·

234 3579 332 3627 maeo
359 3551 479 3627 Geieri
500 3553 762 3640 commentatio,
790 3581 882 3652 quae
902 3557 1031 3651 prodiit
1055 3556 1158 3627 Halis
1173 3556 1352 3625 Saxonum

234 3704 261 3748 a.
288 3676 406 3763 1838,
430 3704 504 3751 uon
525 3686 622 3753 omni
644 3705 687 3753 ex
709 3693 809 3775 parte
831 3679 1232 3753 satisfacerevidebatnr.
1248 3680 1351 3749 Mitto

235 3802 506 3899 disputationem
523 3805 567 3873 de
589 3807 672 3874 cite
695 3803 919 3887 Ptolemaei,
947 3806 1109 3873 moribus
1123 3809 1229 3895 atquc
1241 3803 1351 3871 iesti—

235 3930 338 4011 tutis,
375 3932 571 4025 generatim
597 3931 698 4001 docte
726 3941 762 4001 et
786 3931 970 4001 enucleate
999 3930 1188 4021 scriptamg
1206 3926 1267 3997 sed
1289 3928 1358 4020 qui'

233 4051 328 4123 locus
362 4052 406 4120 de
437 4050 648 4151 Ptolemaeo
677 4056 752 4151 agit
781 4048 994 4123 Alemonam·
1029 4048 1083 4121 M.
1105 4075 1233 4119 rerum
1254 4051 1350 4119 scri-

229 4182 358 4267 ptore,
385 4179 425 4247 in
440 4201 482 4249 eo
507 4178 554 4249 ed
575 4189 774 4249 accuratam
795 4190 831 4249 et
843 4179 987 4272 plenam
997 4178 1196 4273 argumenti
1213 4176 1350 4268 exposi-

234 4301 363 4371 tionem
383 4302 579 4394 plurimum
604 4302 824 4374 desiderabis.
854 4301 976 4395 Quid?
998 4300 1095 4395 qnod
1118 4299 1220 4369 «loci
1237 4322 1349 4392 ocgo-

234 4426 318 4493 stic's
329 4424 580 4519 prohibitus»
607 4429 803 4524 fragmenta
821 4428 1037 4509 Ptolemaei,
1063 4448 1154 4520 quae
1171 4427 1296 4518 utique
1312 4426 1351 4492 in

235 4549 406 4640 ejusmodi
421 4549 660 4644 disputatione
678 4555 759 4645 jure
772 4554 1039 4646 exspectaveris,
1064 4549 1350 4621 commentationi
