3300 5600
863 580 903 642 10

320 775 391 820 rum
416 753 521 820 studia
548 752 803 819 Ptolemaeorum
830 763 933 818 aetate
956 748 1165 816 Alexandriae
1192 760 1229 813 ut
1257 751 1347 814 nullo
1378 753 1449 817 loco

318 861 419 947 magis
440 860 594 946 viguisse,
619 860 691 946 quis
709 869 756 923 est
775 861 833 947 qui
853 856 997 924 nesciat?
1019 854 1135 921 Sedes
1154 855 1230 919 licet
1247 855 1450 943 Philadelphi

317 967 351 1029 in
376 965 486 1052 primis
517 986 612 1050 opera
639 966 834 1029 incrementa
865 965 986 1051 cepisse
1018 973 1141 1026 constat
1170 962 1314 1048 altaeque
1347 964 1449 1048 egisse

318 1071 459 1150 radices;
483 1071 559 1157 Lagi
577 1083 681 1134 tamen
697 1071 764 1134 filio
782 1070 835 1136 hic
852 1071 979 1134 omnino
997 1069 1133 1133 debetur
1149 1067 1269 1146 honos,
1296 1079 1332 1133 ut
1348 1068 1391 1132 ah
1411 1090 1447 1133 eo

318 1199 382 1242 uno
414 1179 491 1241 tanti
519 1178 635 1263 vigoris
672 1188 832 1262 repetatur
862 1177 1069 1263 principium.
1082 1171 1107 1261 ¹)
1151 1175 1280 1238 Summo
1309 1174 1447 1261 flagrans

318 1283 482 1348 literarum
497 1305 623 1362 amore,
642 1283 791 1347 comitate
808 1295 840 1348 et
856 1266 1074 1347 munificentia
1087 1280 1283 1346 doctissimos
1300 1279 1447 1369 quosque

318 1389 421 1467 uiros,
454 1388 678 1474 philosophos,
713 1388 852 1473 positas,⁴
879 1390 1120 1476 grammaticos,
1151 1388 1248 1451 facile
1275 1386 1390 1451 allexit
1417 1398 1447 1451 et

317 1494 443 1559 liberali
469 1493 698 1560 consuetudine
727 1494 787 1557 sibi
812 1491 1000 1578 devinxitt)
1037 1494 1079 1561 ht
1107 1495 1180 1559 nolo
1204 1493 1324 1558 diutius
1353 1495 1387 1557 in
1414 1515 1446 1557 re

258 1625 260 1629 ·
318 1602 478 1666 notissima
505 1601 678 1666 immorari.
713 1601 781 1665 Hoc
812 1612 934 1665 tantum
960 1599 1062 1681 addo,
1086 1600 1237 1687 Lagidam
1258 1598 1446 1665 tortitudine

317 1718 349 1771 et
374 1707 543 1771 clementia
571 1707 605 1769 in
627 1705 751 1785 hostes,
783 1707 817 1770 in
845 1706 988 1771 subditos
1017 1709 1178 1792 aequitate
1201 1718 1232 1771 ct
1250 1706 1446 1776 humanitate

316 1835 440 1897 semper
468 1813 646 1898 insignem,
688 1812 774 1897 pacis
804 1813 949 1900 bellique
982 1812 1103 1877 artibus
1137 1834 1241 1900 aeque
1270 1811 1442 1890 intentum,

315 1930 481 2005 praeterea
511 1919 706 2003 temporibus
733 1919 893 2004 sapienter
919 1919 966 1983 uti
994 1921 1143 2001 solitum,
1168 1916 1329 2007 quidquid
1347 1929 1441 1982 terra·

316 2047 388 2090 rum
416 2026 445 2088 ei
465 2035 593 2110 pareret
614 2024 654 2089 ad
679 2024 837 2090 summum
862 2027 999 2090 evexisse
1022 2024 1110 2090 floris
1131 2038 1162 2091 et
1181 2025 1343 2089 felicitatis
1364 2025 1444 2089 tasti-

316 2133 415 2218 gium.
448 2131 554 2217 Atque
573 2133 618 2196 ita
637 2153 739 2217 quum
756 2143 896 2196 extrema
914 2143 1078 2197 senectute
1098 2133 1161 2196 otio
1179 2133 1252 2196 satis
1271 2131 1443 2222 tranquillo

315 2238 494 2318 frueretur,
519 2239 666 2303 omnibus
690 2239 811 2323 pariter
832 2237 968 2303 dilectus
990 2228 1069 2303 obiit
1089 2262 1118 2304 a.
1139 2240 1227 2319 283,
1252 2238 1371 2302 aetatis.
1384 2240 1442 2315 84,

316 2345 406 2429 regni
427 2346 487 2423 40,
508 2365 610 2430 quum
627 2341 756 2407 biennio
772 2355 846 2408 aute
863 2345 1042 2410 Ptolemaeo
1060 2344 1145 2425 filio,
1166 2345 1358 2431 cognomine
1375 2342 1443 2408 Phi·

315 2448 484 2535 ladetpbo,
508 2471 645 2535 regnum
662 2449 856 2519 tradidisset.
868 2450 892 2537 3)

359 2554 407 2620 Ad
436 2556 654 2642 quaestionem
685 2558 922 2621 transeuntibus
953 2556 992 2621 de
1013 2555 1300 2641 commentariis‚⁴)
1329 2557 1440 2643 quibus

316 2683 365 2726 res
390 2660 563 2727 Alexandri
590 2672 691 2748 gestas
717 2662 916 2726 Ptolemaeus
946 2662 1134 2748 descripsit,
1159 2661 1295 2726 dubium
1315 2662 1441 2750 quidem

318 2860 521 2872 ———

349 2966 376 3035 1)
394 2968 458 3033 Quid
481 2969 513 3018 de
535 2966 666 3017 literarum
687 2968 777 3017 studiis
805 2937 983 3033 promovendis
1007 2968 1168 3020 Ptolemaeus
1190 2966 1281 3031 lagida
1305 2968 1439 3030 meruerit,
1476 3013 1480 3024 ,

314 3055 453 3107 ostendunt
467 3055 581 3104 Stahrius
598 3054 709 3103 Aristot.
726 3056 750 3102 ΙΙ
770 3071 794 3119 p.
812 3052 847 3102 57
863 3069 918 3119 sqq.
935 3060 961 3103 ct
977 3056 1081 3103 (ieierue
1095 3073 1119 3120 p.
1134 3053 1168 3103 62
1180 3071 1235 3119 sqq.

348 3150 375 3217 2)
393 3154 487 3201 Horum
504 3151 646 3201 nominasse
666 3151 774 3198 sufficiat
791 3151 945 3198 Phalannam
963 3152 1136 3216 Dernetrdum,
1154 3140 1274 3223 πρῶτον
1285 3137 1348 3201 τῶν
1360 3142 1437 3202 Πτο-

314 3237 436 3320 λεμαίου
457 3236 554 3319 φίλων
574 3252 672 3301 dictum
692 3252 833 3321 (Plutarch.
851 3253 1210 3321 dacau1.vl1.)‚decujus
1227 3272 1286 3306 cum
1298 3255 1440 3307 Ptolemaeo

314 3344 500 3395 cousuetudine
515 3344 616 3406 legatur
627 3344 700 3407 Diog.
718 3344 797 3394 baert.
814 3345 845 3394 V.
859 3344 883 3394 5.
899 3342 932 3393 78
941 3363 988 3409 sq,
1007 3346 1051 3395 uhi
1066 3347 1140 3396 etiam
1150 3348 1218 3397 inter
1234 3365 1311 3413 opera
1323 3346 1441 3398 Demetrii

313 3440 407 3491 librum
422 3447 538 3491 recenset
555 3429 743 3508 Πτολεμαῖον
759 3440 912 3504 inscriptum
928 3440 972 3506 (ef.
986 3442 1090 3491 Geierus
1103 3458 1129 3506 p.
1147 3441 1182 3491 64
1195 3441 1270 3507 sqq.);
1289 3444 1441 3493 Theodoram

316 3535 483 3599 Cyrenaicum
506 3535 586 3601 (lliog.
612 3536 693 3584 baert.
717 3533 751 3583 11.
773 3532 798 3583 8.
824 3530 873 3580 101
900 3548 953 3596 sq.;
983 3531 1113 3584 Plutarch.
1132 3533 1150 3583 l.
1169 3536 1186 3584 l.
1205 3536 1275 3593 ΠΗ
1295 3536 1346 3583 Cic.
1367 3537 1441 3584 Tace.

311 3621 432 3686 ·Ds'sp.1.
448 3619 572 3687 43.102,
591 3623 621 3672 V.
637 3618 771 3678 40.11⁷.t;
799 3620 938 3681 Stilponem
955 3622 1147 3685 Megarensen‚
1160 3622 1205 3683 qui
1217 3622 1325 3686 primum
1341 3610 1442 3671 vocatus

313 3722 366 3756 nou
388 3708 459 3757 venit
480 3691 561 3775 (illog.
583 3710 664 3759 [οὔτί.
690 3710 724 3758 Il.
749 3705 791 3756 12.
810 3703 891 3771 sse),
910 3706 954 3755 sed
972 3712 1056 3771 postea
1074 3706 1213 3757 Ptolemaei
1231 3709 1350 3773 precibus
1368 3709 1442 3758 cessit

314 3792 357 3858 (ΙΙ.
376 3791 418 3843 11.
437 3792 496 3859 111,
514 3793 556 3845 12.
575 3791 645 3860 115.)
664 3795 771 3858 ejusque
790 3794 892 3841 nomine
902 3793 1053 3857 inscriptum
1069 3792 1197 3856 dialogum
1206 3794 1286 3842 edidit
1295 3794 1323 3862 (l.
1334 3795 1352 3844 1.
1361 3792 1439 3859 120.);

304 3880 445 3929 Plriletans
469 3883 558 3945 Coum,
582 3882 628 3945 qui
650 3879 789 3931 Ptolemaei
811 3878 971 3944 Philadelphi
995 3879 1043 3927 luit
1060 3885 1208 3945 praeceptor
1226 3880 1305 3947 (Suid.
1325 3897 1345 3934 s.
1363 3899 1387 3931 v.
1407 3883 1442 3931 ΙΙΙ
1473 3869 1480 3884 ’

313 3980 339 4030 p.
357 3964 416 4017 600.
434 3967 470 4016 Gi.
489 3967 594 4015 Geierus
609 3983 635 4031 p.
651 3964 720 4031 68.);
739 3966 896 4015 Zenodotum
915 3965 1072 4029 Ephesium,
1095 3967 1137 4015 cui
1154 3974 1181 4015 ot
1198 3967 1338 4017 liberorum
1355 3968 1443 4019 Ptole-
1471 3967 1474 3972 ’

313 4052 379 4100 maol
395 4052 523 4101 institutio
540 4057 567 4102 et
583 4052 754 4102 bibliothecae
773 4051 888 4106 custodia
906 4051 955 4099 suit
971 4051 1087 4101 mandata
1105 4052 1183 4118 (Suid.
1202 4069 1222 4102 s.
1241 4069 1264 4102 v.
1285 4055 1308 4102 11
1327 4070 1353 4118 p.
1369 4052 1393 4103 7.
1406 4054 1441 4103 Gi.

313 4137 418 4187 Geierus
435 4140 454 4189 l.
468 4129 512 4205 1.).
529 4140 669 4189 Menandri
690 4155 792 4204 quoque
815 4138 907 4188 comici
924 4135 1013 4202 poetae
1031 4145 1202 4189 memorantur
1218 4139 1250 4190 ad
1268 4139 1442 4192 Ptolemaeum

314 4225 458 4288 Epistulas.
475 4224 533 4276 vid.
550 4226 620 4276 Suid.
638 4242 659 4277 s.
677 4242 702 4276 v.
720 4226 745 4275 ll
762 4243 788 4292 p.
805 4223 854 4274 5³1
874 4228 901 4274 et
918 4224 1013 4276 Eudoc.
1031 4240 1056 4290 p.
1072 4223 1131 4277 302.

347 4306 373 4374 ³)
392 4310 456 4361 Vide
472 4326 546 4378 supra
561 4329 586 4379 p.
605 4311 630 4364 3.

347 4405 373 4474 4)
392 4410 446 4475 Quo
465 4411 540 4461 titulo
561 4412 721 4462 Ptolemaeus
744 4390 783 4459 ed
803 4395 871 4479 περὶ
889 4391 1080 4479 Ἀλὲξανδρον
1097 4406 1219 4469 ediderit,
1240 4407 1381 4469 ignoratur.
1408 4409 1442 4456 lix

313 4501 422 4555 Arriano
443 4504 509 4554 nihil
528 4510 625 4557 temere
642 4501 863 4564 concludendum,
883 4502 928 4565 qui
947 4507 977 4550 ut
994 4501 1025 4550 ad
1052 4498 1228 4565 Xenophontis
1250 4500 1392 4565 exemplum
1415 4512 1441 4546 se

313 4610 465 4662 componere
476 4595 588 4665 studuit,
599 4601 634 4651 ita
645 4598 677 4648 eb
685 4596 734 4649 hoc
743 4598 820 4648 stiam
836 4578 1021 4666 Ἀναβάσεως
1038 4595 1143 4647 titulum
1154 4601 1241 4662 sparte
1256 4595 1366 4660 accepit.
