3300 5600
773 572 813 635 11

178 770 193 815 ι,
258 746 321 811 rium
346 747 500 811 mensium
526 748 567 810 sit
595 745 856 810 anachronismus
882 767 890 808 ε
920 767 992 809 nam
1021 744 1225 831 Metagitnion
1251 744 1360 829 flego·

179 875 197 914 s
258 855 334 918 nouis
367 850 663 938 computaturad.
691 853 734 916 28
759 873 803 919 m.
827 849 892 916 tut.
920 849 960 916 ad
988 850 1020 918 d.
1050 852 1091 915 27
1117 852 1202 937 hug.
1228 872 1257 915 a.
1280 849 1359 916 att.
1401 874 1406 887 ι

178 960 199 1022 rit
257 955 326 1023 trra
342 980 416 1023 vcra
440 958 479 1022 ad
506 958 682 1024 Chremetis
699 959 772 1022 anni
794 958 923 1021 initium
948 954 1067 1021 dictam
1095 978 1238 1044 pugnam
1260 955 1359 1020 refert

178 1087 200 1126 a
255 1059 325 1132 biod.
352 1065 417 1131 Sic.
443 1065 547 1134 XVII.
576 1067 637 1146 87,
662 1065 771 1151 plures
792 1062 972 1128 defensores
992 1074 1122 1142 nactus,
1151 1083 1236 1149 quos
1253 1058 1363 1125 laudat

179 1190 199 1230 1·
254 1166 511 1235 Schmiederusad
531 1170 695 1237 Arrianil.
718 1170 742 1237 l.
777 1170 884 1251 Quum
903 1189 978 1232 vero
998 1167 1083 1254 apud
1101 1168 1277 1233 Diodorum
1299 1167 1364 1231 He·

178 1292 195 1388 {t
250 1279 372 1362 temonis
400 1298 501 1342 annus
529 1277 745 1356 desideretur,
774 1277 886 1342 saltem
914 1299 977 1341 non
1011 1274 1159 1340 distincte
1184 1273 1361 1350 indicetur,

188 1444 190 1449 .
247 1381 325 1468 bajus
343 1385 535 1450 auctoritate
546 1406 609 1448 non
622 1396 669 1449 est
686 1383 883 1449 abutendum
904 1393 1014 1448 contra
1025 1381 1215 1458 Arrianum,
1236 1377 1364 1462 ecujus

245 1491 400 1557 verborum
427 1512 577 1579 perversa
598 1493 860 1578 interpretatione
877 1502 962 1555 totus
991 1509 1078 1553 error
1110 1505 1253 1550 manasse
1270 1483 1363 1549 ride·

242 1608 300 1677 tur,
328 1608 367 1662 ut
387 1584 474 1661 nudo
497 1598 603 1662 statim
627 1598 797 1684 probatum
818 1598 883 1664 ibo.
916 1597 1003 1661 llaec
1029 1595 1149 1681 igitur,
1178 1589 1218 1655 de
1240 1589 1363 1676 proelio

241 1702 379 1769 adversus
396 1703 471 1768 Pori
491 1702 592 1768 filium
614 1704 831 1789 expositurus,
853 1701 892 1768 ad
915 1701 1047 1767 verbum
1065 1709 1173 1763 monet
1188 1696 1361 1762 Arrianus·
1447 1736 1449 1745 ·

236 1801 350 1894 breta
371 1811 420 1894 voi
440 1801 515 1876 τότε
536 1808 569 1876 οἱ
589 1809 735 1895 ποταμοὶ
755 1801 884 1886 πάντες
891 1833 924 1876 οι
913 1802 1063 1877 Ἰνδικοὶ
1083 1805 1208 1874 πολλοῦ
1228 1826 1264 1870 τε
1284 1795 1365 1870 ὕδα-

230 1938 283 1993 τος
303 1939 360 1987 και
349 1912 572 2007 boiaco?
550 1919 602 2007 ερρ
594 1919 663 1984 δεον
683 1941 737 1983 και
727 1910 852 1998 ὀξέος
868 1919 928 1985 τοῦ
950 1909 1130 2008 ῥεύματος·
1151 1904 1190 2005 ἧι
1209 1906 1271 2004 γὰρ
1293 1905 1366 2002 ὥρα

227 2018 337 2106 ἔτους,
366 2015 390 2113 ᾖ
416 2016 516 2108 paesi
541 2045 692 2113 τροπας
717 2016 935 2109 μάλίσσα’
917 2050 955 2092 εν
983 2023 1098 2114 θέρει
1128 2009 1365 2113 opinaturi

225 2125 358 2223 ἥλιος·
379 2121 481 2219 ταύτῃ
503 2129 601 2197 δὲ
560 2156 600 2221 ιη
622 2124 695 2222 ὥρα
714 2123 819 2200 siderei
845 2155 882 2200 σε
902 2131 937 2215 ἐξ
959 2123 1099 2266 αρ’ρανοῦ
1120 2121 1234 2221 οἷθρόα
1253 2152 1291 2196 σε
1308 2153 1366 2196 κα·

222 2350 394 2428 κᾶσοο-
416 2347 666 2447 κατασηπόμεναι
691 2349 844 2439 αὔξουσιν
870 2351 981 2436 αὐτοῖς
1006 2352 1046 2427 od
1073 2351 1163 2448 α’δωρ
1191 2354 1247 2424 ἐπὶ
1272 2353 1365 2444 μέγα.

223 2467 357 2554 Cogitat
374 2466 528 2532 Arrianus
547 2486 611 2528 non
628 2465 711 2549 ipsas
721 2485 849 2551 τροπας
870 2458 1006 2553 θερινοῖς
1023 2466 1088 2529 sive
1109 2463 1245 2529 mediam
1264 2473 1367 2529 aesta·

223 2585 314 2652 tem,
344 2594 407 2638 non
431 2569 499 2635 dies
513 2584 594 2656 post
612 2562 753 2659 τροπάς,
776 2568 833 2634 sed
858 2589 927 2635 eam
953 2573 1027 2637 anni
1046 2583 1190 2658 partem,
1213 2593 1296 2658 quae
1321 2568 1369 2636 od

224 2678 428 2744 solstitium
438 2679 587 2742 maxime
596 2677 722 2763 vergit,
733 2686 858 2761 tempus
868 2665 937 2740 ὖπὸ
948 2669 1085 2765 τροπὰς,
1097 2676 1373 2766 quemadmodum·

224 2785 309 2852 alibi
332 2783 419 2874 (vlt.
448 2785 505 2853 21.
536 2781 584 2871 2.)
613 2782 653 2847 de
678 2781 840 2869 Euphrate
860 2804 957 2868 agens
986 2781 1114 2851 locutus
1134 2797 1198 2866 est,
1227 2785 1300 2851 loco
1321 2786 1367 2852 ita

223 2892 409 2972 simillimo,
437 2903 474 2956 ut
496 2891 673 2977 comparari
692 2888 769 2966 hnic
790 2899 962 2955 mereatur.
990 2874 1089 2977 Ἠρος
1109 2879 1365 2980 ὑποφαίνοντος,

222 2999 357 3086 inquit,
379 2993 434 3061 καὶ
453 2988 540 3062 πολι)
563 2981 603 3082 δὴ
617 2983 836 3075 μάλισταύπό
857 2984 997 3079 τροποὶς,
1020 2986 1151 3066 ἅστινας
1166 2993 1227 3058 τοῦ
1242 2990 1369 3082 θέρους

222 3100 247 3175 ὁ
268 3101 363 3197 ἥλιος
387 3101 595 3191 ἐπιστρέφει,
617 3099 718 3187 μέγας
733 3122 771 3165 τε
791 3097 966 3188 ἐπέρχεται
985 3098 1039 3165 καὶ
1059 3090 1260 3190 ὑπερβάλλει
1280 3096 1367 3191 ὑπὲρ

222 3215 289 3300 τοὶς
304 3213 420 3306 ὄχθας.
443 3220 584 3286 Probent
600 3219 690 3283 illam
704 3219 1000 3303 interpretationem
1012 3267 1021 3298 ,
1032 3240 1116 3305 quae
1134 3241 1171 3285 ex
1182 3220 1367 3287 Aristobulo

226 3328 372 3420 (Fragm.
393 3323 557 3413 XXXIV.)
578 3325 692 3390 Strabo
710 3325 846 3410 profert.
870 3326 953 3389 Hine
971 3326 1056 3390 enim
1067 3326 1141 3392 luce
1162 3340 1209 3393 est
1230 3327 1365 3406 clarius,

224 3438 350 3503 Porum
370 3432 565 3498 debellatum
586 3453 653 3495 esse
673 3444 752 3495 ante
769 3430 978 3495 Etesiarum
999 3430 1089 3512 dies,
1112 3434 1169 3520 qui
1187 3433 1265 3497 flare
1284 3434 1367 3498 inci·

223 3541 404 3631 piuntlsub
424 3543 467 3605 20
488 3563 531 3608 m.
549 3540 628 3604 tulii
647 3536 793 3624 adeoque
809 3551 889 3602 ante
907 3538 1204 3626 Metagitnionem.
1224 3541 1366 3621 littero,

224 3662 267 3715 ut
284 3649 402 3713 iterum
422 3658 533 3712 testem
543 3645 763 3711 Aristobulum
775 3644 927 3725 excitem,
943 3645 1055 3710 Etesiis
1074 3646 1285 3731 spirantibus,
1306 3647 1367 3713 orti

218 3757 296 3842 jam
314 3775 411 3819 veruo
432 3765 576 3839 tempore
601 3752 720 3817 imbres
746 3752 882 3816 tantari
904 3751 1048 3815 inludia
1075 3765 1174 3817 noctu
1195 3763 1293 3840 atque
1318 3754 1368 3817 in·

225 3860 340 3927 terdiu
360 3859 401 3924 de
420 3861 511 3926 coelo
530 3870 648 3938 ruunt,
677 3858 838 3945 simulque
863 3868 927 3921 tam
947 3856 1012 3921 late
1030 3857 1240 3924 effunduntur
1259 3858 1366 3938 duvii,

226 3981 267 4035 ut
286 3970 384 4033 etiam
411 3968 531 4032 volenti
557 3964 736 4032 Alexandro
764 3964 826 4029 hoc
848 3964 922 4028 auni
948 3975 1091 4051 tempore
1111 3964 1239 4030 omnino
1257 3965 1369 4029 suisset

225 4075 319 4143 bello
330 4071 570 4153 abstinendum3
583 4070 671 4159 quod
684 4072 793 4157 etipse
804 4070 1004 4157 praeviderat
1019 4070 1161 4160 (Arriam
1176 4070 1198 4138 l.
1215 4071 1237 4138 Ι.
1251 4072 1304 4138 10.
1319 4067 1365 4159 1.)

227 4193 264 4247 et
287 4203 323 4246 re
346 4191 494 4266 expertus
521 4188 579 4246 est.
614 4178 694 4242 Nam
721 4199 823 4265 quum
844 4189 992 4264 superato
1008 4178 1076 4261 jam
1103 4178 1201 4258 Poro,
1227 4178 1367 4244 subactis

226 4287 306 4354 Pori
334 4308 434 4373 regno
461 4284 643 4351 confinibus
662 4283 750 4348 Indis
772 4286 1026 4371 expugnatisque
1045 4283 1170 4372 oppidis
1192 4295 1314 4370 septem
1336 4294 1368 4349 et

226 4393 365 4482 triginta
395 4392 532 4481 (Arriae.
563 4393 603 4462 V.
632 4392 690 4459 20.
727 4392 747 4453 2
777 4386 878 4477 sqq.),
909 4382 990 4455 narei
1009 4379 1307 4479 θεριοᾶςσροπᾶς,
1330 4401 1367 4457 nt

225 4498 396 4567 Nearchus
423 4500 569 4587 loquitur
601 4498 666 4588 (ap.
689 4498 794 4566 Strab.
819 4499 880 4568 XV
903 4520 936 4582 p.
968 4498 1056 4562 1014
1080 4491 1145 4583 B.),
1174 4496 1240 4560 siro
1262 4492 1366 4579 μέσου

226 4602 368 4692 θέρεος,
392 4618 428 4672 ut
448 4605 666 4693 Megasthenes
690 4603 755 4693 (ap.
780 4605 906 4673 Arrian.
926 4602 1033 4671 Indie.
1059 4604 1116 4675 VI.
1140 4598 1201 4691 5.),
1221 4601 1263 4670 ad
1281 4602 1365 4670 Ace-
